3030 5212
589 510 637 558 ue
662 510 808 562 orrrcro
832 514 951 565 nuens.
1441 529 1479 594 13

278 681 341 729 rex,
373 667 426 739 qur'
443 667 473 721 in
489 667 681 742 temporalibus
703 671 803 728 culdei
819 675 952 742 zu'carius,
971 675 1033 733 bene
1054 695 1081 732 se
1105 678 1185 735 habet
1203 698 1270 754 ergo

106 776 168 824 4d.
280 767 294 799 *
310 770 394 840 deum
405 772 469 829 detes
482 774 512 829 in
525 776 740 851 egendodirzgit
749 796 817 836 eum.
840 778 964 855 Oportet
978 800 1048 856 ergo
1063 782 1149 840 deum
1165 783 1271 844 habere
1280 799 1341 843 mus
1350 802 1397 845 coa
1407 812 1464 846 must

276 877 305 933 in
322 877 444 936 ecclesia
464 877 537 937 duos
558 880 687 952 vicarios,
706 883 814 943 scilicet
834 904 932 961 regern
958 888 987 943 in
1013 889 1221 964 temporalibus
1242 902 1271 949 et
1280 851 1468 991 iilletllhliil?

274 983 454 1042 sacerdotem
469 985 500 1041 in
514 985 716 1060 spiritualibus.
759 988 824 1047 Rex
839 1000 935 1049 autem
951 993 1038 1050 debet
1053 1012 1150 1053 severe
1167 995 1268 1054 coher-
1278 953 1470 1102 Ξὲὶυὲἐὲἒπῖἰξοηῐ,

250 1107 337 1164 5cere
352 1090 495 1163 rebellem,
512 1092 586 1150 sicut
603 1092 669 1151 fecit
684 1094 774 1152 deitas
792 1096 821 1151 in
836 1098 922 1154 veteri
944 1107 1127 1159 testamento.
1170 1100 1268 1160 Sacer·
1277 1100 1349 1152 ‘hines
1358 1102 1462 1153 spiritual

106 1195 326 1254 rotmundus
347 1213 415 1254 vero
431 1194 445 1225 *
459 1196 546 1255 debet
567 1198 728 1257 ministrare
742 1211 912 1277 preceptum
924 1204 985 1261 miti
1000 1204 1090 1263 modo
1111 1205 1268 1265 humilibus
1277 1167 1458 1261 cThheeckKielielllii‘

1277 1269 1378 1319 severely,
1388 1283 1412 1310 as
1422 1269 1471 1313 God

272 1310 404 1377 tempore
418 1302 489 1378 legis
510 1304 607 1378 gracie
627 1305 699 1362 sicut
718 1304 783 1364 lecit
802 1305 967 1367 humanitas
981 1309 1076 1381 Cristi,
1092 1311 1156 1388 qui¹
1181 1313 1444 1420 Slmfflffiffgffld

272 1406 323 1465 fuit
347 1427 397 1466 rex
423 1419 451 1467 et
477 1409 622 1468 sacerdos.
663 1410 700 1467 Et
726 1410 792 1470 hinc
815 1413 883 1471 dicit
905 1415 1086 1492 Augustinus
1111 1418 1191 1494 quod
1216 1417 1444 1519 rexffffiffjgff

271 1513 358 1571 babet
371 1515 538 1590 ymaginem
554 1513 615 1572 dei‘
630 1516 680 1574 sed
696 1517 849 1593 episcopus
863 1521 1030 1596 ymaginem
1041 1521 1135 1592 Cristi,
1151 1535 1267 1600 propter
1275 1518 1461 1610 {ffis‘pm‘

234 1648 264 1684 10
272 1620 460 1678 ministerium
473 1620 600 1679 indubie.
643 1620 706 1681 Nec
726 1634 769 1681 est
789 1624 959 1700 fingendum
977 1627 1168 1686 ministerium
1183 1628 1267 1687 huius
1276 1634 1393 1737 {Effigies
1400 1635 1463 1727 {5²¹⁵

271 1723 435 1781 differencie
456 1726 610 1783 verborum
630 1726 684 1784 uisi
704 1728 783 1802 quod
802 1746 852 1786 rex
874 1730 947 1804 gerit
969 1732 1134 1805 ymaginem
1156 1732 1268 1792 deitatis
1276 1734 1458 1836 {migitet

1333 1815 1338 1844 Ι

274 1828 368 1899 Cristi,
384 1829 458 1888 sicut
471 1831 627 1907 episcopus
641 1833 807 1908 ymaginem
822 1851 873 1891 sue
887 1833 1083 1893 humanitatis.
1125 1836 1163 1895 Et
1180 1835 1301 1913 super0s
1308 1835 1472 1879 ¹¹¹⁵¹¹¹²⁰¹²00ss

109 1938 232 1990 rennui.
243 1935 330 1999 sisto
344 1937 452 2012 pendet
472 1937 572 2013 regula
591 1937 752 2014 apostolica
767 1938 790 1994 i⁸
808 1937 876 1997 Cor.
892 1939 925 1996 x³
940 1939 977 1998 de
991 1941 1128 2014 gradibus
1149 1941 1269 2002 honoris

271 2043 430 2102 tribuendis
458 2044 595 2102 membris
623 2043 752 2102 ecclesie.
802 2044 872 2116 Volo,
897 2045 998 2121 inquit,
1025 2065 1072 2103 vos
1098 2049 1171 2105 scire
1197 2049 1273 2122 quod

232 2153 358 2223 15omm's
381 2152 445 2208 viri
464 2156 549 2227 caput
564 2148 678 2208 Crt'stus
691 2156 753 2219 esl;
774 2152 867 2226 capud
887 2158 976 2208 eutem
991 2152 1115 2209 mulzerr's
1139 2159 1179 2211 esl
1200 2156 1247 2211 vir
1258 2178 1269 2213 .·

305 2356 388 2405 Glossa
405 2356 526 2420 insm‘ori
536 2357 650 2418 margine
658 2354 707 2418 sol.
720 2371 735 2418 4
747 2358 766 2403 b
778 2371 793 2405 o
805 2356 893 2418 prima
905 2371 983 2404 manu
994 2356 1208 2422 smptu—Super
1219 2358 1268 2408 hoc

269 2448 385 2498 processu
396 2449 428 2482 an
439 2433 567 2481 maioritas
577 2432 699 2480 sensibilis
711 2432 881 2481 subdividatur
888 2433 1022 2482 secundum
1032 2434 1155 2483 racionem
1164 2435 1268 2499 duplici·

269 2518 347 2560 tatem
358 2509 475 2559 latentem
486 2509 511 2558 in
523 2509 605 2558 officio
617 2508 724 2558 clericali
736 2516 778 2558 aut
795 2509 929 2558 secundum
946 2510 1072 2573 duplicem
1088 2512 1219 2570 racionem,
1232 2513 1268 2562 sic

270 2587 337 2652 quod
354 2602 439 2636 earum
455 2603 503 2635 una
520 2587 594 2635 sitin
611 2586 693 2636 officio
710 2586 824 2646 clericali,
844 2586 895 2635 alia
912 2585 994 2635 officio
1011 2587 1105 2636 domini
1122 2589 1268 2652 temporalis

270 2665 397 2728 deputata,
404 2663 445 2713 hie
453 2670 554 2728 apparet
566 2664 615 2712 isto
626 2663 703 2712 modo
715 2663 880 2727 respondendi
891 2664 1027 2713 secundum
1039 2678 1137 2714 sensum
1148 2665 1265 2724 doctoris,

269 2740 337 2805 quod
354 2741 483 2790 maioritas
499 2739 622 2790 sensibilis
634 2740 708 2790 hebet
719 2740 796 2788 dividi
808 2740 943 2789 secuudum
955 2740 1081 2804 duplicem
1093 2741 1217 2792 racionem
1229 2742 1266 2790 iu·

269 2825 342 2868 venta
363 2819 389 2867 in
411 2819 514 2867 dirersis
542 2818 636 2867 officiis
688 2818 755 2866 Nam
784 2817 864 2866 bonor
891 2817 1009 2881 inpensus
1032 2818 1135 2868 seculari
1163 2819 1265 2869 domino

268 2895 384 2945 fundatur
394 2911 467 2959 super
478 2895 582 2945 seculari
593 2893 713 2951 dominio,
722 2895 765 2943 sed
777 2894 856 2943 honor
864 2894 1006 2944 tribuendus
1018 2895 1139 2944 sacerdoti
1151 2897 1266 2946 fundatur

268 2973 294 3023 in
305 2973 443 3022 virtutibus.

301 3051 415 3114 Apparet
431 3058 513 3099 autem
530 3067 559 3100 ex
576 3050 651 3099 dictis
667 3049 738 3098 istius
754 3050 859 3108 domini,
871 3048 939 3112 quod
955 3064 1004 3097 non
1021 3056 1058 3098 est
1075 3050 1155 3099 honor
1171 3050 1265 3115 impen-

269 3127 363 3176 dendus
374 3127 464 3178 saltem
475 3128 597 3177 sacerdoti
608 3127 738 3183 sensibilis,
749 3135 774 3176 et
784 3135 811 3176 ut
823 3126 919 3176 videtur
930 3127 1010 3176 innuit
1021 3128 1088 3192 quod
1099 3127 1228 3190 dignitatis
1239 3130 1264 3177 in

270 3205 364 3254 Christi
380 3203 497 3269 pontifice
512 3220 561 3254 non
579 3212 616 3254 est
632 3205 713 3253 maior
729 3220 803 3267 quam
820 3205 844 3253 in
862 3219 926 3267 rege,
944 3203 1003 3252 dato
1020 3204 1087 3268 quod
1101 3205 1133 3253 sit
1150 3205 1265 3254 sacerdos

269 3297 366 3333 cesaree
386 3282 485 3331 dotatus
501 3291 544 3332 aut
560 3298 611 3331 non
629 3289 782 3331 contentetur
799 3297 854 3330 cum
871 3282 965 3330 honore
981 3281 1099 3330 sensibili.
1142 3282 1190 3330 Pro
1210 3283 1264 3331 istis

268 3361 406 3410 notandum
418 3360 485 3423 quod
496 3360 584 3410 doctor
600 3376 649 3409 non
668 3360 772 3409 intendit
790 3360 848 3422 quin
866 3359 946 3408 honor
962 3360 1084 3409 sensibilis
1095 3359 1265 3409 sacerdotibus

268 3447 305 3489 est
332 3440 391 3487 satis
419 3440 482 3488 bene
509 3437 659 3497 tribuendus,
682 3437 856 3502 presnpposita
878 3436 985 3501 tam[en]
1009 3437 1105 3485 virtute.
1152 3437 1184 3486 Et
1206 3437 1264 3486 ideo

268 3516 367 3582 quando
379 3515 470 3564 dicitur
481 3531 497 3564 a
507 3514 609 3564 doctore
621 3515 688 3579 quod
700 3513 814 3563 sacerdos
825 3514 1008 3563 conteutabitur
1018 3514 1049 3562 de
1061 3514 1171 3563 secundo
1187 3514 1264 3562 modo

268 3592 376 3651 honoris,
395 3592 558 3657 despicienter
577 3593 602 3640 in
623 3607 649 3642 se
668 3592 783 3655 primum,
805 3590 925 3640 secundus
942 3590 1032 3639 modus
1048 3590 1150 3639 honoris
1166 3590 1197 3639 de
1214 3606 1264 3656 quo

267 3669 376 3735 loquitur
387 3678 424 3720 est
435 3671 525 3719 modus
536 3670 637 3718 honoris
649 3669 779 3728 sensibilis,
791 3667 817 3716 iu
829 3668 960 3716 virtutibus
971 3675 1052 3717 tamen
1065 3668 1187 3717 fundatus.
1232 3670 1264 3718 Et

268 3748 361 3812 primus
371 3748 461 3800 modus
471 3748 573 3798 honoris
584 3749 673 3811 dequo
685 3747 719 3795 ibi
732 3747 759 3795 lit
774 3745 872 3796 mencio
883 3754 919 3795 est
931 3746 1020 3794 modus
1030 3745 1131 3794 honoris
1142 3745 1265 3796 sensibilis

268 3826 294 3874 in
306 3825 409 3875 domiuo
419 3826 522 3876 seculari
540 3826 661 3874 fundatus
692 3824 765 3888 Quod
778 3823 799 3871 si
815 3824 902 3873 doctor
913 3822 1037 3886 intelligat
1049 3823 1129 3871 solum
1145 3822 1264 3871 bonorem

267 3903 409 3952 sensibilem
426 3903 593 3953 sacerdotibus
609 3902 793 3967 inpendendum
804 3910 868 3950 esset
879 3900 1079 3964 cognoscendum
1097 3901 1122 3948 in
1140 3915 1190 3964 quo
1206 3916 1264 3949 cou-

268 3982 364 4031 slsteret
379 3980 423 4029 ille
437 3981 516 4029 honor
530 3980 688 4030 insensibilis.
723 3979 755 4027 Et
768 3980 830 4028 soret
841 3978 956 4027 mirabile
968 3979 1077 4042 aliquem
1093 3977 1157 4026 velle
1173 3976 1263 4036 dicere,

267 4058 336 4124 quod
355 4057 464 4122 dignitus
480 4058 638 4107 sacerdotalis
655 4072 705 4106 non
722 4063 785 4106 esset
802 4057 883 4105 maior
899 4057 924 4103 in
941 4056 1047 4119 prescito
1065 4069 1139 4119 quum
1156 4052 1264 4116 dignitas

267 4144 415 4186 teneurunt
427 4135 543 4184 secularis
554 4136 578 4183 in
590 4135 764 4199 predestinst0‚
777 4149 832 4183 cum
844 4133 954 4197 dignitas
966 4132 1104 4196 apostolica
1116 4133 1141 4180 in
1153 4131 1217 4180 Iuda
1227 4139 1265 4180 est

267 4215 347 4265 maior
357 4229 432 4278 quum
444 4213 552 4277 dignitas
563 4213 679 4262 secularis
690 4212 715 4261 in
728 4212 811 4261 David
823 4212 953 4260 iudeorum
965 4226 1029 4274 rege.

461 4371 470 4402 ¹
487 4387 534 4435 que
546 4379 594 4435 pro
605 4371 654 4434 qui,
667 4382 693 4417 Α.
759 4370 769 4397 ²
785 4368 832 4427 dei,
845 4383 890 4416 ont.
904 4379 928 4416 Α.
996 4365 1005 4394 ³
1026 4375 1072 4413 11⁰.
