3030 5212
594 498 643 547 na
667 497 813 548 orrrcro
837 497 954 547 arms.
1419 478 1481 563 269

272 656 352 734 quod
369 657 476 716 instant
491 655 610 733 quidam
630 656 785 732 sophistice
803 674 855 732 per
872 655 929 714 hoc
943 653 1024 732 quod
1043 650 1124 710 multi
1139 661 1206 710 sunt
1220 651 1482 760 quippppjisttpphpps

271 783 332 824 non
346 763 453 822 habent
467 780 574 822 uxores
588 772 636 821 aut
652 762 726 822 filios
740 762 786 822 vel
801 760 967 820 huiusmodi
982 758 1170 836 parentelam.
1214 757 1271 816 Sed
1283 766 1352 859 ἓξὲξ
1361 775 1404 807 met
1414 766 1443 817 bs

272 889 333 930 non
348 869 450 929 odiunt
471 886 529 946 que
548 885 608 927 non
627 879 702 928 sunt.
743 868 824 944 Ergo
845 885 907 926 non
925 874 1042 943 oportet
1061 865 1098 924 ad
1113 863 1200 922 Cristi
1215 864 1272 923 dis·

272 976 385 1054 cipulos
399 976 498 1034 omnia
511 974 564 1034 hec
578 974 668 1033 odire.
712 973 770 1032 Hic
791 974 895 1032 dicitur
914 973 1075 1032 comuniter
1092 973 1172 1050 quod
1192 972 1273 1031 odire

249 1083 413 1158 raecipitur
432 1099 486 1158 pro
507 1079 702 1159 postponere¹
718 1080 747 1138 in
767 1098 867 1139 amore
885 1079 1020 1149 Gnatum,
1035 1097 1102 1138 cum
1125 1090 1154 1136 et
1176 1078 1272 1155 legem

275 1207 357 1248 suam
385 1197 498 1264 oportet
527 1186 774 1264 preponderanter
802 1186 929 1262 diligere.
981 1183 1027 1244 Sic
1050 1184 1130 1261 quod
1155 1185 1275 1261 quilibet

275 1293 386 1353 habens
400 1292 453 1352 hec
474 1304 586 1370 septem
604 1292 649 1352 vel
664 1292 773 1369 aliquid
790 1309 902 1363 eorum,
917 1292 1105 1351 necessitatus
1119 1292 1163 1351 vel
1178 1292 1274 1367 ipsum

274 1399 394 1477 perdere
409 1398 454 1458 vel
468 1399 563 1475 legem
574 1397 659 1457 Cristi
669 1399 811 1469 deserere,
821 1400 923 1475 pocius
936 1397 1068 1474 perderet
1082 1399 1175 1457 eciam
1186 1398 1274 1456 vitam

110 1509 216 1569 Mattx.
225 1519 265 1581 38.
274 1524 366 1577 suam,
381 1505 450 1583 quia
464 1505 553 1575 aliter,
568 1515 600 1562 ut
614 1504 717 1563 dicitur
731 1503 836 1562 Matth.
855 1523 900 1576 10,
913 1523 973 1563 non
988 1516 1031 1563 est
1046 1504 1143 1563 Cristo
1158 1505 1264 1581 dignus

235 1635 267 1672 10
275 1611 332 1671 Vel
351 1621 446 1688 potest
466 1610 504 1669 ad
527 1628 645 1670 sensum
661 1611 807 1669 misticum
825 1611 946 1670 concedi
965 1610 1045 1689 quod
1065 1611 1161 1670 omnis
1181 1610 1468 1688 homoptoton„-

275 1718 361 1777 habet
379 1735 501 1777 uxorem
520 1727 549 1776 et
571 1717 654 1788 filios,
668 1734 736 1775 cum
758 1715 846 1775 habet
865 1736 984 1776 carnem
1003 1728 1031 1776 et
1046 1736 1135 1794 opera
1149 1717 1276 1777 carnalia
1284 1676 1397 1729 mgmh‘
1406 1684 1457 1718 m

275 1834 435 1902 procreata.
476 1823 529 1882 Est
553 1840 623 1899 ergo
648 1823 775 1882 intencio
799 1823 927 1881 mandati
952 1823 1063 1882 domini
1088 1824 1167 1900 quod
1192 1841 1276 1883 verus

277 1930 361 1990 Cristi
375 1929 531 2006 discipulus
545 1926 716 2006 postponat*
734 1939 866 2005 respectu
886 1929 931 1988 sui
948 1939 977 1988 et
991 1930 1036 1988 sui
1051 1931 1162 1990 consilii
1176 1931 1277 1990 omnia

276 2037 445 2113 temporalia
459 2037 489 2095 in
497 2054 606 2095 amore.
649 2035 707 2094 Sed
719 2035 870 2113 quomodo
881 2037 1051 2095 observatur
1059 2035 1117 2095 hoc
1128 2055 1146 2095 a
1154 2054 1277 2112 gwerra·

237 2161 267 2212 15
276 2154 338 2203 tore
353 2143 402 2221 qui
417 2151 477 2201 tam
492 2142 678 2218 corporaliter
692 2159 782 2217 quam
797 2143 980 2217 spiritualiter
992 2143 1098 2202 occidit
1109 2143 1236 2203 Cristum
1248 2143 1277 2201 in

277 2221 415 2308 membris
423 2249 522 2326 gracia
530 2249 649 2307 comodi
658 2249 842 2325 temporalis?
864 2249 1004 2308 Tercium
1016 2247 1100 2308 Cristi
1110 2249 1442 2348 consilium⁸gffithird

114 2370 185 2419 Mart
197 2367 267 2418 xviii.
276 2366 320 2415 est
343 2355 411 2413 illud
436 2353 540 2414 Matth.
565 2354 643 2426 xviii,
667 2355 718 2413 ubi
745 2351 885 2431 precipit⁴
912 2354 963 2413 ins
991 2355 1077 2414 Petro
1105 2356 1278 2432 generaliter

114 2448 185 2550 {¹33
277 2463 387 2522 cunctis
402 2460 535 2519 fidelibus
548 2478 640 2537 usque
655 2461 854 2538 septuagesies
868 2462 979 2538 sepcies
993 2462 1049 2521 hoc
1064 2474 1107 2521 est
1122 2463 1278 2541 quociens·

278 2586 392 2646 cunque
407 2569 438 2626 in
451 2568 532 2644 ipsos
545 2568 727 2643 peccaverint
741 2568 883 2626 remittere
898 2568 976 2626 fratri
986 2587 1047 2628 suo.
1090 2568 1187 2628 Nemo
1197 2569 1278 2628 enim

237 2684 379 2751 aopeccat
392 2674 424 2731 in
442 2673 531 2732 alium
545 2675 601 2732 nisi
615 2673 688 2732 ultra
702 2673 805 2733 decem
820 2675 1027 2750 prevaricando
1048 2676 1078 2733 in
1092 2675 1277 2751 decalogum,

279 2792 308 2840 et
335 2781 445 2857 sepcies
469 2780 605 2839 undecim
628 2781 812 2856 septuaginta
834 2791 945 2857 septem
970 2782 1157 2840 constituunt.
1199 2782 1276 2841 Cum

277 2887 364 2963 igitur
388 2904 476 2945 nemo
499 2885 585 2945 debet
607 2904 750 2961 gwerrare
772 2887 826 2945 nisi
847 2896 967 2964 propter
990 2888 1122 2963 gwerrati
1143 2888 1278 2948 iniuriam

278 3010 367 3071 qnam
391 2992 513 3051 omnino
531 2992 616 3051 debet
639 2992 791 3064 dimittere,
815 3003 894 3070 patet
916 2993 996 3070 quod
1017 3011 1106 3053 nemo
1125 3006 1279 3071 gwerraret

278 3117 346 3158 cum
360 3098 472 3176 populo
486 3098 541 3156 nisi
555 3108 673 3175 propter
687 3117 818 3157 amorem
832 3100 1021 3159 correccionis
1036 3118 1125 3176 quem
1139 3101 1226 3159 habet
1240 3101 1277 3160 ad

145 3254 176 3276 ,Α
278 3205 428 3282 populum.
481 3204 538 3263 Sed
565 3205 689 3264 formam
716 3206 857 3281 optimam
885 3206 1005 3264 instituit
1032 3205 1143 3265 Cristus
1170 3206 1277 3265 ibidem
1287 3216 1329 3256 But
1338 3215 1410 3258 Christ
1418 3215 1450 3258 in·

280 3311 432 3382 mandans,
448 3310 527 3387 quod
549 3311 573 3369 si
597 3310 699 3388 aliquis
724 3311 808 3370 frater
829 3321 895 3370 tuus
916 3312 946 3369 in
965 3321 993 3371 te
1013 3312 1172 3388 peccaverit
1193 3312 1278 3372 debet
1285 3267 1375 3358 {iffi
1382 3267 1487 3377 ‘33:1¹3'ss

281 3417 441 3477 secundum
457 3427 515 3475 tres
534 3416 641 3493 gradus
661 3417 756 3494 primo
771 3418 884 3494 corripi,
899 3428 927 3476 et
942 3417 1134 3494 postmodum
1154 3367 1352 3478 manenst‘·
1362 3381 1421 3410 xvur.
1431 3381 1462 3420 ¹⁵·

280 3524 483 3601 incorrigibilis
513 3524 599 3583 debet
631 3525 702 3583 sicut
732 3523 866 3583 ethnicus
886 3524 931 3582 vel
953 3524 1125 3600 publicanus
1146 3525 1463 3626 incomu-Theretpsnpex·

281 3631 416 3690 nicabilis
437 3629 585 3706 dereliqui.
634 3628 715 3688 Num
736 3630 807 3707 quid
828 3630 858 3688 in
880 3629 977 3706 aliquo
999 3631 1120 3689 istomm
1141 3597 1336 3708 quattuorfvuasre·
1370 3598 1396 3626 ω
1415 3597 1438 3627 ⁰⁸

241 3748 324 3807 30est
339 3738 432 3796 fratris
446 3736 605 3797 ceserano
626 3737 684 3795 sive
702 3736 829 3796 occisio?
872 3718 1025 3812 Numquid
1041 3734 1089 3794 rna
1108 3736 1280 3795 andreaea

282 3844 412 3904 ostensio
437 3843 513 3919 que⁶
534 3842 634 3901 dicitur
653 3842 774 3901 ecclesie
796 3841 951 3912 invadenti,
966 3858 1065 3899 verum
1083 3840 1151 3899 dicit
1166 3840 1202 3900 de
1216 3860 1280 3900 cor·

282 3949 418 4027 repcione
441 3949 568 4024 legitima
596 3947 748 4007 cuiuslibet
775 3965 832 4025 qua
859 3945 987 4006 invadit?
1029 3945 1180 4024 Numquid
1207 3946 1282 4006 foret

282 4055 443 4131 legitimum
453 4055 493 4113 sic
503 4054 637 4113 invadere
652 4053 829 4131 quemlibet⁷
843 4052 991 4112 ethnicum
1007 4063 1055 4111 aut
1073 4052 1280 4128 publicanum?

283 4160 353 4221 Non
372 4179 444 4236 ergo
461 4170 504 4219 est
520 4161 650 4220 remissio
664 4179 731 4219 vera
749 4170 778 4219 et
799 4159 944 4236 completa
961 4157 1062 4216 iniurie
1080 4158 1116 4217 ad
1136 4175 1224 4234 quam
1241 4160 1282 4218 ita

316 4332 428 4396 ¹ponere
434 4338 483 4396 pro
491 4339 645 4396 postponere,
656 4345 682 4381 n.
723 4328 952 4395 ’postponatur,n.
995 4329 1150 4386 ’consilia
1183 4329 1282 4394 ⁴preci·

283 4409 356 4475 litut,
371 4422 397 4458 Α.
447 4408 508 4468 ⁵in,
519 4425 565 4458 ont.
578 4421 602 4458 Β.
654 4407 846 4472 “quaproquq
862 4419 884 4457 a.
935 4405 1245 4472 'quemproqnemlibet
1277 4444 1284 4458 .
