3030 5212
541 503 590 552 DE
614 504 762 553 OFFICIO
786 504 904 554 REGIS.

198 671 242 721 est
265 663 401 721 iuvenum
425 662 645 721 consulencium
668 664 839 740 episcopum
862 662 1012 723 dominum
1034 674 1061 722 et
1083 662 1199 722 divitem

199 769 270 840 fieri,
284 767 511 845 hospitalitatem
525 777 555 827 et
569 769 704 828 timorem
726 787 788 828 non
801 768 918 840 habere,
933 788 994 828 non
1016 770 1200 830 attendentes

81 903 106 937 re
117 888 162 937 xii.
200 876 281 954 quod
296 874 434 934 dominus
456 875 542 934 dicit:
565 873 604 934 Si
624 878 727 951 ceperit
746 877 918 952 dz'rpensotor
932 877 1039 934 dicere:
1059 876 1201 935 Dominus

200 1001 274 1040 maes
285 1001 401 1040 moram
412 983 518 1060 fhcrt,·
539 989 566 1040 et
583 983 685 1058 ceperit
702 984 844 1058 castigare
857 992 960 1056 pueros
980 1003 1014 1039 ac
1035 985 1162 1055 ancillas,
1177 990 1204 1041 et

175 1089 370 1166 manducare
389 1108 424 1147 ac
444 1088 532 1148 bibere
562 1107 623 1146 cum
655 1088 763 1156 ebrrii,·
789 1091 878 1147 veniit
897 1091 992 1146 etenim
1013 1090 1148 1160 doninus,
1170 1093 1202 1147 in

201 1196 245 1253 die
264 1214 321 1271 qua
342 1196 434 1265 nescit,
448 1202 474 1253 et
486 1195 557 1252 hora
571 1214 627 1270 quo
641 1195 763 1270 ignorat,
777 1201 804 1253 ct
818 1196 923 1253 diuidet
934 1215 1003 1252 eum.
1045 1194 1118 1255 Item
1139 1214 1201 1254 non

82 1311 117 1355 et.
127 1321 153 1356 v.
166 1319 190 1368 3.
200 1301 382 1361 attendentes
404 1301 485 1378 quod
506 1301 634 1376 precepit
656 1299 767 1372 Petrus,
781 1320 836 1358 non
857 1302 1036 1371 dominantes,
1051 1300 1103 1359 sed
1118 1302 1202 1379 quasi

81 1435 173 1486 qm
200 1408 401 1485 episcopatum
416 1416 556 1465 tenentes.
598 1406 673 1465 Item
688 1406 803 1478 Paulus,
817 1405 964 1465 It'ouitates
982 1426 1077 1465 uocum
1101 1409 1202 1478 denda,

81 1565 121 1614 'im
142 1565 161 1615 ii
198 1520 336 1590 perurant
356 1515 428 1572 encin
457 1515 527 1583 lites,
550 1522 580 1571 et
605 1530 701 1571 semro
723 1531 825 1572 eorum
851 1514 933 1589 quasi
959 1530 1078 1590 serpens
1106 1516 1202 1591 serpit.

81 1695 93 1711 ..
122 1603 129 1616 ⁶
144 1603 170 1707 ι’
199 1610 340 1698 Episcopi
355 1621 434 1680 enim
449 1638 511 1679 non
525 1619 680 1678 attendunt
701 1619 739 1677 ad
754 1619 916 1679 doctrinam
930 1618 1038 1696 quam¹
1052 1621 1203 1697 apostolus

87 1711 130 1746 ¹¹¹²·
143 1712 160 1744 ¹·
200 1727 301 1787 docuit
328 1728 502 1804 episcopum
525 1724 749 1796 Thimotheum,
779 1724 902 1784 formam
932 1725 1039 1786 habere
1069 1746 1203 1785 sanorum

83 1841 107 1876 s
201 1834 346 1893 uminum
367 1853 419 1908 que
442 1852 461 1890 a
486 1852 527 1890 mc
548 1833 657 1890 audisti
674 1832 700 1903 *,
724 1832 776 1891 sed
801 1850 892 1891 novas
917 1833 996 1909 leges
1019 1851 1151 1892 cesareas
1175 1843 1204 1892 et

202 1941 407 2017 episcoporum
428 1940 648 2000 dominancium
670 1939 831 2010 attendunt,
846 1949 875 1998 et
896 1939 1048 2016 quomodo
1068 1939 1204 1999 accucius

203 2046 387 2106 anathemate
415 2046 517 2105 ferient
526 2042 546 2118 ¹,
571 2046 654 2122 quasi
679 2056 828 2121 serpentes
838 2045 857 2116 ³,
884 2045 1032 2104 dicentes⁴
1056 2046 1204 2123 implicite,

163 2164 342 2230 r5tauquam
366 2153 512 2224 Roboam,
538 2152 619 2230 quod
643 2152 780 2210 minimus
801 2151 927 2227 digitus⁵
948 2170 1049 2211 eorum
1078 2153 1205 2229 prevalet

173 2324 176 2329 ,
203 2260 292 2319 dorso
314 2258 480 2319 Salomonis
501 2259 601 2319 nostri.
642 2257 711 2334 Ipse
732 2258 836 2317 cecidit
857 2258 987 2317 subditos
1008 2259 1138 2335 flagellis,
1154 2259 1206 2318 sed

202 2367 264 2425 eius
278 2366 376 2426 vicarii
391 2364 558 2425 Roboanite
576 2364 680 2423 cedent
701 2382 754 2423 eos
774 2365 986 2440 scorpionibus,
1000 2377 1032 2424 ut
1053 2375 1171 2424 notatur
1186 2383 1203 2440 3

81 2490 143 2553 [inge
151 2489 193 2537 xit
204 2472 321 2549 Regum
354 2490 399 2531 ra.
455 2470 538 2530 Mille
566 2469 740 2530 tradiciones
760 2469 915 2529 blasfemas
936 2471 1073 2530 simulant
1100 2473 1206 2549 quibus

203 2596 291 2654 super
312 2578 409 2636 Iesum
429 2590 562 2636 nostrum
583 2576 721 2652 implicite
743 2595 773 2635 se
793 2576 943 2636 extollunt.
986 2577 1112 2655 Oportet
1133 2591 1305 2654 ergororue
1318 2592 1415 2646 morm-

1214 2645 1258 2685 tion
1268 2644 1292 2685 ot
1303 2644 1340 2685 the

165 2684 368 2742 sesecundum
382 2683 470 2741 fidem
485 2682 623 2759 scripture
638 2690 667 2740 et
680 2692 800 2741 sanctos
821 2683 956 2742 doctores
977 2684 1057 2761 quod
1075 2684 1113 2742 ad
1127 2683 1205 2761 paci·
1214 2694 1416 2786 Cpppptffilpalw

204 2789 353 2860 licandum
381 2789 534 2849 ecclesiam
562 2788 738 2864 deprimatur
761 2788 814 2846 ista
841 2788 1032 2864 pseudocristi
1060 2758 1387 2887 superbiasspvreippustbe

204 2914 273 2955 eum
287 2896 385 2955 iniciat
406 2913 495 2953 omne
518 2895 629 2954 malum
650 2894 772 2954 ecclesie
796 2895 938 2953 cristiane.
981 2895 1067 2954 Unde
1091 2894 1207 2954 Veritas

81 3001 312 3061 .tt.niv.Matth.
342 3012 395 3074 ²4⁰
425 3000 580 3077 predicens
608 3001 830 3060 tribulacionem
858 3001 985 3059 suturam
1015 3001 1137 3060 ecclesie
1164 3002 1206 3060 sic

206 3108 330 3169 orditur:
355 3107 452 3167 Multi
468 3110 577 3167 uentint
596 3110 625 3165 in
647 3110 755 3165 nomr'rre
774 3127 831 3165 meo
852 3109 967 3165 dicentes
987 3110 1055 3183 quia
1075 3127 1124 3183 ego
1144 3126 1206 3165 sum

166 3232 199 3280 ²5
209 3213 346 3283 Crritus,·
368 3221 394 3272 et
406 3215 504 3283 multos
524 3215 657 3272 seducent.
699 3213 737 3272 Et
750 3225 835 3272 vocat
854 3230 906 3272 eos
920 3214 1064 3289 posterius
1078 3212 1205 3288 pseudo-

206 3321 358 3389 cristianos
367 3317 387 3379 ⁰.
443 3319 507 3379 Nec
532 3331 577 3379 est
599 3320 683 3380 sacile
705 3319 815 3396 fingere
839 3318 894 3378 hos
921 3318 1206 3396 pseudochristianos

206 3427 257 3504 qui
285 3427 405 3486 veniunt
432 3427 463 3484 in
490 3427 609 3485 nomine
637 3426 723 3486 Cristi
750 3436 780 3485 et
808 3426 951 3485 seducunt
980 3425 1122 3502 populum
1150 3425 1205 3484 nisi

207 3534 372 3611 prepositos
394 3534 424 3592 in
447 3533 525 3593 clero
547 3533 727 3592 mencientes
748 3550 779 3590 se
800 3531 907 3591 habere
929 3531 1057 3591 aCristo
1079 3530 1116 3590 ad
1137 3531 1206 3591 iaci·

207 3641 316 3699 endum
346 3640 485 3717 quicquid
520 3639 641 3700 iecerint
673 3640 720 3698 vel
754 3637 989 3698 blasfemaverint
1024 3647 1206 3715 potestatem.

208 3747 408 3806 Confirmatur
434 3765 472 3806 ex
502 3749 621 3806 racione
655 3745 722 3804 fidei
749 3763 808 3823 qua
835 3744 982 3804 credimus
1017 3743 1100 3820 quod
1134 3744 1404 3858 deusffidffissffil

207 3853 351 3913 ordinavit
374 3852 522 3911 modicam
548 3869 715 3910 mensuram
742 3851 831 3909 civilis
856 3849 976 3909 dominii
1005 3867 1095 3925 quam
1117 3850 1207 3908 voluit
1216 3866 1313 3957 &21¹¹pr
1315 3866 1391 3966 ἐξάξω

208 3961 296 4020 servis
325 3959 405 4018 suis*
430 3956 620 4029 inferioribus,
643 3968 674 4016 ut
699 3957 825 4016 dominis
848 3956 1034 4028 secularibus,
1055 3956 1206 4031 dispertiri,
1216 3967 1417 4068 ffiffsssgs'ssssfi'essssi

207 4077 270 4127 toto
281 4065 362 4134 clero
377 4081 430 4125 suo
452 4064 565 4123 vivente
587 4064 812 4141 exproprietarie
835 4064 924 4122 instar
939 4060 1026 4121 Cristi
1047 4072 1075 4121 et
1090 4072 1207 4138 aposto·
1216 4067 1331 4120 supported
1344 4068 1373 4118 br

239 4233 249 4262 ¹
266 4249 324 4298 qua,
336 4244 363 4282 Α.
446 4230 457 4260 ¹
471 4231 578 4288 ferirent,
589 4241 616 4280 Α.
705 4229 715 4257 ⁸
732 4245 839 4295 serpens,
851 4241 875 4278 Β,
965 4228 975 4257 ⁴
992 4228 1149 4278 dominantes
1160 4235 1209 4292 pro

206 4310 322 4370 dicentes,
336 4321 363 4359 Α.
461 4309 471 4337 ⁵
487 4317 523 4359 est
535 4315 592 4373 pest
607 4307 698 4373 digitus
709 4309 764 4356 add.
777 4321 803 4358 s.
909 4305 919 4333 ⁶
940 4307 1032 4356 l'erba:
1050 4306 1105 4355 Nec
1115 4313 1152 4356 est
1165 4341 1171 4352 .
1183 4341 1189 4353 .
1203 4343 1209 4355 .

196 4388 457 4462 ¹pseudochristianos,
469 4404 515 4438 om.
529 4399 555 4439 Α.
622 4386 632 4414 ¹
649 4388 707 4446 suis,
719 4403 766 4435 oni.
779 4398 805 4436 Α.

688 4489 735 4530 82
