3030 5212
463 469 514 519 tit
536 468 686 522 otnero
707 470 825 522 utut&

10 648 52 695 ιιι
63 640 108 692 vil
142 624 225 703 quod
242 623 330 684 multi
347 626 380 683 iu
401 625 472 685 im
487 643 563 703 pree
585 625 777 687 minine
797 626 977 687 nanneten
998 640 1143 689 truttmunt

10 743 17 758 ·
143 749 197 808 per
209 749 289 790 eum.
330 730 412 791 (itm
431 731 514 789 euim
534 748 592 789 mu
610 730 780 792 sutenlues
799 750 900 792 suntne
919 744 1144 813 repromittuntur
1157 750 1331 805 itinn-niti·

1154 802 1349 894 tlitltututnrtiumil

1275 869 1296 889 Μ

144 846 258 898 statum
281 836 498 914 apostolorum
521 837 595 895 sitm
619 837 842 913 mundamus
868 856 924 899 not
951 839 980 898 in
1008 838 1061 899 lille
1088 852 1255 916 ‹pioni-tn·

146 953 334 1003 concernunt
359 942 536 1019 dignimuem
560 940 606 1000 rel
632 941 747 1002 luctum
773 960 859 1020 supra
886 944 1032 1021 tinnulos
1055 902 1350 1044 mininff'ffii·1't'·⁴ni'·'t*ti'iitm

124 1062 240 1126 ssupra
252 1047 393 1111 Cristum.
403 1065 498 1124 quare
510 1065 574 1105 nou
585 1065 623 1106 ex
636 1047 744 1107 eodem
757 1060 833 1108 stetu
846 1049 1079 1111 convinceremus
1093 1067 1147 1109 trun
1175 1016 1179 1041 Ι
1198 1018 1215 1043 ω
1229 1018 1254 1051 '¹¹

148 1155 261 1214 debere
284 1154 402 1213 milituri
429 1152 617 1230 spiritualiter
642 1153 726 1213 sieud
752 1155 899 1231 utristnlii
938 1154 1028 1215 Aliter
1050 1154 1148 1213 ettltn¹

149 1256 223 1321 false
245 1271 277 1320 et
299 1258 398 1319 solum
422 1258 590 1335 partialiter
615 1260 744 1336 gerimm
767 1260 846 1319 illum
870 1270 984 1320 sottum.
1026 1262 1148 1339 llpottet

150 1368 232 1426 enim
245 1366 271 1425 si
284 1364 415 1442 gerimus
428 1363 517 1441 plenu
530 1381 612 1422 arma
624 1364 786 1441 apiostolus
805 1365 885 1442 quod
898 1365 982 1443 plene
996 1381 1149 1444 sentiuntur

153 1490 208 1533 eos
221 1473 253 1530 in
266 1471 400 1530 mon'btls
412 1481 443 1528 et
456 1469 620 1545 specialiter
633 1470 664 1527 iu
677 1470 876 1547 armeniorum
886 1469 1151 1547 tttnngelistteiotto.

117 1580 186 1638 toln
212 1577 309 1636 crucis
330 1573 421 1634 Cristi
447 1592 518 1632 cum
551 1576 719 1633 martiribus
742 1575 855 1635 latione
879 1588 908 1636 et
932 1576 960 1635 itt
986 1574 1061 1636 lttlell
1084 1592 1150 1635 etun

156 1682 328 1745 doctoribus
362 1679 556 1739 consessione.
608 1680 668 1739 Sed
702 1681 901 1758 apostolomm
932 1680 1151 1756 entingrllnteln
1164 1692 1201 1736 tn·
1214 1693 1306 1735 wilini·

1161 1746 1255 1785 tei-trud
1265 1744 1291 1786 ttll
1303 1742 1354 1796 imly

157 1806 243 1847 versa
270 1796 316 1846 est
343 1786 376 1844 iu
397 1784 616 1844 Pseudochristi
640 1784 851 1846 tmdicionutn¹
871 1785 1325 1864 promulgatione.inuitur-ut

1162 1844 1225 1885 talin
1236 1852 1257 1883 ln
1267 1856 1310 1883 esttr-

158 1894 312 1954 martirum
325 1892 452 1951 certatio
465 1909 549 1950 term
561 1902 606 1950 est
619 1893 649 1950 in
663 1892 729 1969 plus
749 1893 856 1952 dotatis
876 1904 904 1952 et
923 1891 1116 1952 honorificetis
1138 1909 1154 1949 tt
1164 1895 1231 1987 πέζις
1240 1895 1338 1985 :liw-

161 1999 264 2062 seculo
277 1999 308 2056 in
318 1998 459 2057 maiorem
474 1999 569 2056 crucis
578 1997 666 2057 Cr'mi
676 1999 906 2075 elongationem,
917 2011 944 2058 et
955 1998 1156 2075 episcoporum

124 2119 152 2170 15
162 2104 308 2167 confessio
319 2121 402 2161 versu
412 2104 497 2161 estin
507 2103 609 2161 mundi
620 2114 648 2162 et
659 2122 778 2164 suorum
789 2104 1156 2164 rituumcontestncionetn.

160 2212 202 2275 Et
223 2212 265 2270 sic
286 2220 459 2287 agregatum
480 2227 517 2267 ex
538 2210 661 2269 scintilla
680 2210 766 2270 huius
786 2222 876 2270 status
896 2210 1014 2289 triplicis
1034 2219 1063 2269 et
1086 2226 1156 2269 con·

165 2315 317 2380 suetudine
343 2315 465 2374 seculari
487 2333 577 2393 quam
604 2315 739 2375 addimus
766 2328 810 2376 est
837 2327 929 2378 status
952 2316 1093 2394 pessimus
1121 2333 1157 2373 ex

164 2423 273 2484 labello
294 2420 484 2499 superaddito
505 2422 599 2498 magis
619 2422 822 2499 dampnabilis,
835 2432 864 2482 et
878 2423 919 2482 sic
938 2432 980 2482 cst
994 2422 1040 2480 vix
1055 2422 1159 2498 uliquis

166 2540 258 2592 status
279 2528 398 2587 ulterius
419 2527 531 2586 brachii
553 2528 654 2587 matris
675 2540 774 2589 nostre
798 2529 869 2607 quin
889 2529 975 2589 habet
1002 2528 1160 2588 commixta

125 2635 287 2696 sobracbia
306 2633 344 2692 de
363 2633 454 2692 armis
475 2632 591 2693 diaboli.
633 2633 706 2693 Ideo
726 2653 787 2694 non
808 2645 852 2695 est
872 2635 976 2693 mirum
990 2634 1014 2693 si
1028 2635 1160 2693 tnctnbrtt

166 2740 277 2802 inimici
290 2739 417 2798 hominis
430 2738 558 2798 videndo
571 2757 654 2799 arma
666 2741 754 2818 patris
768 2742 812 2800 sui
826 2751 886 2800 tam
901 2741 1015 2819 spissim
1029 2741 1162 2818 exposito

167 2847 331 2909 excitantur
355 2843 394 2904 ad
421 2845 521 2922 prelia,
544 2846 690 2922 quorum'
715 2847 867 2907 suscitatio
890 2857 934 2907 est
961 2847 1014 2907 sibi
1035 2848 1162 2925 propria.

168 2952 307 3030 Arguitur
320 2951 399 3011 enim
414 2970 481 3012 cum
495 2951 609 3012 fallacio
619 2962 651 3010 ut
665 2953 734 3030 quia
748 2961 839 3012 status
852 2952 918 3014 lieet
932 2953 1063 3014 modicus
1076 2973 1164 3032 quern
1176 2971 1229 3063 ''l'
1238 2968 1300 3011 rorte·
1311 2966 1335 3011 ot

169 3058 278 3119 habent
293 3058 329 3118 de
344 3059 483 3135 apostolis
496 3068 540 3117 est
559 3068 634 3117 statu
655 3058 775 3118 seculari
795 3059 963 3137 perfeccior,
979 3079 1050 3137 ergo
1070 3063 1165 3121 omnis
1174 3022 1356 3164 {igf'ffiffgi

130 3200 161 3250 ²5
171 3174 262 3226 status
290 3181 378 3241 quem
407 3163 515 3223 habent
543 3175 660 3241 superat
688 3165 761 3225 sicut
789 3183 893 3226 aurum
921 3178 1035 3244 superat
1063 3186 1094 3228 es
1122 3144 1368 3275 vclffig-yiffllttlmtbd

170 3271 334 3349 plumbum,
364 3280 394 3328 et
421 3286 458 3328 ex
486 3269 536 3329 illo
564 3270 743 3330 concludunt
771 3271 851 3350 quod
879 3283 945 3332 sunt
972 3273 1281 3368 inpeccabilt‘lssffi‘tffl
1290 3270 1371 3316 '‘⁰²¹¹'‘

10 3394 239 3445 tollenonum
259 3371 355 3435 aliis*
381 3374 558 3434 blasfemiis⁴
574 3372 588 3406 *
607 3376 734 3436 infinitis.
779 3378 914 3455 Arguunt
938 3388 971 3437 2⁰
992 3379 1016 3439 si
1037 3380 1164 3458 prelacio

10 3463 80 3585 ffb·
171 3493 201 3544 et
224 3482 282 3543 alia
306 3480 402 3542 officia
424 3481 564 3540 secularia
591 3494 713 3558 possunt
738 3484 814 3543 bene
842 3485 911 3556 lieri,
936 3496 1005 3546 tunc
1034 3486 1099 3547 licet
1127 3488 1169 3547 cis

172 3587 322 3667 potissime
336 3587 427 3646 modo
441 3596 470 3645 et
484 3587 621 3647 continue
635 3589 747 3647 actibus
761 3588 816 3648 illis
829 3590 976 3651 intendere
990 3593 1058 3669 quia
1072 3594 1101 3652 in
1117 3595 1169 3654 illis

132 3719 166 3770 30
175 3693 359 3772 dispensacio
372 3692 449 3752 cadit
471 3694 628 3770 potissime.
670 3693 777 3754 Tercio
791 3715 861 3757 vero
882 3699 1025 3775 arguunt⁰
1046 3701 1125 3777 quod
1148 3702 1169 3760 si

174 3801 240 3864 talis
253 3801 311 3859 vita
325 3800 361 3859 sit
375 3800 522 3859 meritoria
532 3800 562 3858 in
576 3800 658 3860 laicis
671 3819 737 3860 cum
750 3813 863 3879 oportet
873 3805 952 3882 quod
964 3806 1020 3865 vita
1031 3805 1169 3866 laieorum

173 3906 354 3983 exempletur
368 3905 399 3964 in
413 3905 468 3964 illis
481 3917 512 3964 ut
527 3907 654 3983 speculo,
671 3917 700 3966 et
713 3908 840 3969 mundus
853 3920 897 3969 est
911 3912 1001 3971 modo
1016 3914 1125 3990 positus
1140 3915 1169 3973 in

174 4012 313 4088 maligno,
329 4030 448 4072 necesse
469 4022 513 4072 est
532 4031 584 4073 eos
598 4012 635 4072 ad
650 4015 865 4075 rectificandutn
887 4020 1010 4095 negocia
1032 4019 1169 4080 secularia

207 4192 216 4222 ¹
233 4193 308 4253 enim,
320 4206 368 4242 ont.
379 4204 407 4242 Α.
528 4190 538 4220 ²
556 4192 631 4244 Cristi
648 4196 903 4259 pseudotruditionum
921 4207 970 4265 pro
987 4201 1168 4253 Pseudoclrrirtl

174 4270 347 4321 traditionum.
424 4270 434 4299 ³
446 4286 496 4336 quo
502 4279 550 4336 pro
562 4288 674 4337 qnorum,
686 4287 712 4324 Α.
790 4276 799 4304 ¹
810 4283 866 4342 post
878 4278 1012 4331 blasfemiis
1022 4281 1078 4331 niet.
1092 4281 1125 4341 ln,
1139 4295 1164 4333 Λ.

175 4347 186 4376 ³
202 4356 337 4414 arguuntur
347 4356 396 4414 pro
407 4356 521 4412 arguunt,
533 4361 559 4401 Α.

643 4453 694 4493 Η
