3030 5212
583 511 632 562 nu
654 510 801 562 orurc1o
824 510 944 562 uucrs.
1438 493 1478 574 89

103 679 176 732 Rom
188 678 206 729 t
219 692 260 743 3²·
269 668 303 745 l0,
317 671 385 733 Nou
398 672 486 731 sotum
500 672 554 748 qui
563 672 635 730 tatia
648 675 742 747 agunt
753 671 839 746 ergene
848 675 915 728 sunt
927 675 1020 740 morte,
1036 668 1085 726 sed
1095 669 1149 743 qui
1158 684 1268 725 conteu-
1279 681 1321 742 rqr
1329 679 1361 722 sin
1372 679 1390 722 rs
1398 693 1413 722 ι

268 783 345 840 trient
369 778 537 856 agentibus:
572 778 641 855 quia
668 795 736 837 cum
765 787 918 854 peccatum
944 776 980 835 sit
1004 776 1034 834 in
1059 775 1165 846 anima,
1189 783 1269 851 patet
1277 733 1340 826 ‘elffii
1348 731 1417 774 οἴω

270 886 351 966 quod
371 886 468 945 omnis
488 885 552 944 talis
573 901 734 944 consensus
758 880 931 960 tamquam¹
956 882 1003 941 dei
1027 881 1202 958 proditorius
1227 890 1271 939 est

270 992 440 1071 culpandus
482 991 572 1051 Unde
606 992 660 1050 nisi
695 989 770 1049 foret
805 990 870 1049 talis
901 986 1080 1049 consensus¹
1108 988 1270 1064 multiplex,

246 1101 359 1162 coblita
372 1100 436 1177 lege
451 1097 647 1174 correpcionis
661 1096 793 1168 fraterne,
811 1114 972 1173 numquam
986 1105 1099 1154 tantum
1114 1096 1271 1154 crevissent

270 1217 369 1285 partes
393 1216 422 1265 et
445 1205 578 1281 discipuli
608 1204 755 1263 anticristi.
798 1202 898 1262 Hodie
926 1221 1054 1279 namque
1083 1213 1149 1262 sunt
1173 1203 1478 1279 pluresnrsrnrsmror

1279 1279 1368 1312 consent
1377 1269 1448 1310 which

269 1313 395 1373 lautores
425 1313 515 1389 partis
546 1310 655 1371 diaboli
679 1310 717 1369 ad
749 1308 966 1369 delendendum
996 1309 1053 1368 Dei
1080 1309 1199 1368 iniurias
1226 1308 1469 1424 velppesgpvsippffiy

1470 1401 1476 1423 .

271 1421 406 1481 serviliter
427 1420 586 1480 tacendum
600 1419 741 1477 iusticiam
756 1435 845 1494 quam
865 1427 933 1476 sunt
953 1436 991 1476 ex
1005 1426 1088 1493 parte
1102 1416 1224 1487 iusticie,
1240 1416 1398 1524 ³¹¹3,ssss

272 1539 385 1587 tuntum
413 1526 494 1604 quod
517 1525 556 1585 ad
576 1535 691 1584 tantum
713 1525 831 1583 invaluit
854 1543 921 1601 pars
953 1523 1073 1582 adversa
1096 1523 1176 1600 quod
1200 1532 1271 1599 aput
1280 1525 1399 1577 prevalent·

232 1646 264 1686 το
273 1635 380 1694 multos
395 1652 456 1693 non
480 1643 650 1710 reputantur
663 1632 708 1690 isti
724 1650 885 1691 consensus
899 1649 963 1690 esse
977 1639 1114 1708 peccata:
1138 1629 1190 1689 sed
1205 1638 1273 1688 sunt

272 1755 343 1819 aput
378 1741 451 1801 alios
480 1741 651 1817 approbata,
680 1750 750 1815 aput
780 1739 946 1816 yppocritas
980 1738 1118 1809 colorata,
1146 1747 1176 1796 et
1203 1745 1272 1813 aput

272 1849 413 1926 plurimos
426 1847 617 1923 pretermissa.
660 1844 771 1903 Ymmo
786 1854 939 1921 peccatum
955 1843 1094 1921 Symonie
1108 1844 1145 1902 ad
1160 1851 1272 1902 tantum

272 1954 392 2014 invaluit
410 1953 490 2029 quod
509 1952 685 2011 comissione
707 1950 886 2011 omissione¹
901 1951 946 2010 vel
966 1969 1113 2011 consensu
1131 1951 1273 2010 maiorem

272 2071 385 2140 partem
399 2059 523 2120 ecclesie
537 2058 698 2118 maculavit.
726 2059 847 2117 Etcum
862 2058 932 2117 illud
947 2059 983 2118 sit
997 2058 1274 2136 peccatumgravis-

234 2182 264 2234 ¹5
274 2169 380 2226 simum
405 2184 466 2225 non
487 2166 595 2224 mirum
617 2166 640 2223 si
661 2164 782 2224 ecclesia
802 2167 838 2224 sit
857 2166 933 2225 adeo
962 2166 1036 2225 rethi
1064 2166 1171 2226 diaboli
1194 2166 1274 2224 intri-

108 2291 266 2355 c,1i‚Q,iii,
276 2285 383 2334 catum.
424 2272 514 2332 Unde
528 2273 567 2331 xi.
582 2291 610 2349 q.
625 2273 654 2331 iii
669 2293 675 2329 :
698 2274 740 2332 sic
754 2272 884 2343 habetur,
898 2278 905 2304 ‘
918 2271 979 2343 Qui
988 2275 1121 2331 censentit
1132 2274 1275 2349 peccanti-

107 2374 130 2410 ⁰·
146 2372 201 2409 ¹⁰⁰·
275 2383 327 2441 bur
345 2389 372 2439 et
387 2381 508 2457 ridendit
527 2382 614 2438 altum
634 2381 837 2456 deliuquentem,
852 2382 1011 2438 maledictus
1031 2383 1086 2438 erit
1102 2387 1172 2457 aput
1183 2381 1276 2438 Deum

274 2497 301 2548 rt
325 2489 455 2559 homines,
482 2495 509 2547 et
538 2489 707 2565 corripietur
740 2490 928 2563 increpacioru
961 2488 1143 2545 seuerissima.
1195 2487 1276 2545 Hinc

273 2599 360 2655 ectum
374 2597 488 2672 quriiam
502 2597 696 2653 sanctissimus
709 2602 795 2670 puter
808 2596 872 2653 ait:
895 2593 1007 2671 Siquis
1020 2601 1136 2670 peccata
1155 2595 1277 2672 defendit

235 2723 267 2764 ao
276 2706 373 2762 acrius
386 2722 470 2779 quum
485 2705 531 2761 ille
543 2704 596 2779 qui
600 2704 729 2778 peccauit
740 2703 923 2759 coherceatur.
965 2701 1010 2760 Et
1021 2705 1096 2760 alius
1111 2710 1197 2778 puter
1212 2704 1257 2759 uit
1265 2724 1277 2760 .·

276 2809 316 2870 Si
329 2812 393 2886 quis
412 2811 528 2867 alterius
543 2811 640 2867 errori
655 2811 788 2867 censentit
803 2811 877 2867 sciat
893 2829 921 2867 se
941 2829 1002 2867 curu
1023 2811 1072 2867 illo
1091 2811 1183 2867 simili
1200 2809 1277 2866 mede

111 2932 141 2978 z.
276 2917 439 2993 culoabe'lem
458 2916 657 2974 riede'cenduml
699 2914 844 2987 Quintum
862 2934 956 2992 genus
975 2933 1145 2986 consensus,
1167 2916 1196 2973 in
1215 2932 1276 2992 quo
1285 2928 1343 2971 suen
1352 2927 1404 2971 rrnd
1414 2928 1439 2970 or

1284 2989 1372 3022 consent
1381 2979 1400 3020 is
1408 2979 1445 3021 the

277 3024 450 3102 generaliter
464 3024 682 3083 communicant
696 3041 798 3082 omnes
812 3023 889 3095 mali,
901 3032 944 3081 est
959 3023 1112 3081 iuvaminis
1123 3021 1275 3099 spiritualis
1284 3030 1410 3125 ”dllbeiallll
1434 3030 1460 3071 of

277 3131 452 3191 subtraccio.
493 3129 572 3188 Nam
591 3147 695 3189 omnes
719 3130 829 3189 viantes
854 3130 962 3189 debent
983 3148 1113 3207 pugnare
1138 3096 1309 3188 continuesp
1425 3095 1447 3133 ρ’

237 3244 380 3298 tscontra
408 3238 570 3296 exercitum
604 3238 789 3296 tenebrarum
818 3247 845 3297 et
875 3256 944 3296 cum
972 3257 1009 3295 ex
1037 3238 1065 3295 vi
1092 3237 1278 3297 comunionis

278 3354 445 3405 sanctorum
480 3345 601 3423 quilibet
636 3344 722 3404 debet
756 3346 853 3404 iuvare
888 3345 1054 3422 quemlibet,
1083 3355 1162 3422 patet
1197 3343 1278 3422 quod

276 3452 404 3511 laxando
432 3452 469 3510 ab
501 3452 558 3510 isto
592 3452 737 3510 iuvamine
772 3453 970 3512 consentitur³
1004 3453 1143 3530 implicite
1178 3462 1280 3511 contra

279 3559 407 3618 Cristum
423 3559 497 3635 parti
511 3560 664 3618 contrarie.
709 3558 757 3618 Sic
773 3559 851 3618 enim
869 3559 992 3618 dicimus
1011 3560 1091 3637 quod
1108 3578 1169 3619 non
1184 3560 1278 3619 solum
1289 3572 1489 3684 {⁰²²⁸3l2225l0

1304 3641 1363 3669 oesn

278 3666 362 3725 miles
381 3666 431 3743 qui
450 3684 587 3742 expresse
608 3676 710 3724 tractat
729 3665 765 3724 de
785 3666 955 3742 prodicione
975 3684 1042 3726 cum
1066 3666 1208 3738 hostibus,
1229 3666 1465 3776 sedffiffl„

239 3772 331 3849 sequi
348 3790 380 3832 se
397 3773 493 3849 ipsum
512 3772 601 3848 gratis
623 3772 751 3830 vinculat
775 3773 895 3849 quando
912 3773 1031 3832 instaret
1054 3773 1192 3850 tempus⁴
1213 3773 1282 3831 belli
1290 3779 1407 3882 ἓξὲξ
1416 3777 1465 3820 who

281 3896 342 3956 quo
364 3879 474 3937 iuvaret
497 3879 603 3948 socios,
621 3878 719 3954 prodit
741 3878 847 3938 ducem
870 3879 1020 3938 exercitus.
1061 3879 1100 3937 Et
1123 3880 1164 3938 sic
1187 3889 1283 3955 potest
1358 3935 1382 3938 ,,
1475 3935 1478 3940 .

113 3978 150 4041 D.
161 3989 258 4040 lxxxiii.
279 3986 400 4063 intelligi
412 3986 482 4045 illud
496 3985 645 4044 decretum
660 3989 697 4061 83
714 3985 920 4046 distinccione:
936 3985 1035 4044 Error
1048 3988 1098 4044 eui
1108 4007 1161 4044 nen
1176 3988 1282 4044 resisti·

114 4073 136 4107 ε’
149 4072 186 4107 m'
199 4064 224 4106 ‘t
235 4071 259 4106 γ’
281 4101 330 4152 tur
342 4093 524 4173 approbatur,
539 4098 566 4150 et
583 4095 696 4166 verr'tas,
712 4112 773 4150 curu
794 4094 905 4151 mr'rume
923 4093 1091 4171 defensatur,
1105 4096 1282 4170 opprimetur.

315 4290 324 4320 ¹
341 4296 469 4354 tamqnam
482 4326 489 4339 .
501 4327 508 4340 .
522 4327 528 4340 .
541 4303 673 4340 consensus
685 4288 714 4337 in
725 4293 779 4352 sup.
792 4302 873 4352 marg.
885 4288 919 4337 ul.
932 4303 1021 4350 manu,
1034 4300 1058 4338 Β.
1116 4287 1126 4318 ¹
1142 4288 1284 4351 emissione,

283 4379 317 4428 Λ;
334 4369 476 4431 omissione,
493 4379 517 4417 Β.
595 4368 605 4398 ³
623 4369 753 4427 consentit,
771 4379 805 4424 n3
826 4367 985 4424 consentitur,
1002 4378 1026 4418 u.
1093 4366 1284 4434 ‘temporem

282 4457 390 4514 tempus,
401 4458 426 4498 Β.
