3030 5212
492 534 542 586 DE
564 534 713 587 orrtcto
736 533 856 586 REGIS.

178 692 286 751 habent
307 702 479 769 potestatem
497 709 516 751 a
537 690 632 752 Cristo
653 692 727 752 sicut
747 708 804 751 nec
824 688 871 750 itte
891 688 989 749 habuit
1004 698 1177 766 potestatem

177 799 296 857 civiliter
309 797 469 874 regulandi,
484 796 537 856 sed
549 808 695 875 temptans
708 797 766 857 hoc
781 796 810 854 in
825 796 944 856 nominc
960 794 1046 854 Cristi
1061 812 1122 853 non
1135 806 1178 854 est

178 903 243 963 eius
256 904 381 963 vicarius
395 903 446 962 sed
469 903 629 980 discipulus
643 902 834 980 pseudocristi
848 900 951 961 lovens
964 919 1100 977 gwerras,
1116 899 1179 959 litcs

178 1020 208 1068 et
227 1010 436 1070 contenciones
456 1009 549 1068 tocius
563 1008 691 1068 ecclesie.
734 1008 812 1068 Ante
826 1007 912 1068 cuius
926 1007 1030 1067 erroris
1051 1006 1179 1066 destruc·

155 1116 297 1176 scionem
311 1115 477 1192 inpossibile
491 1126 536 1175 est
553 1115 706 1176 ecclesiam
721 1114 806 1175 Cristi
825 1115 932 1175 habere
948 1115 1071 1175 omnino
1089 1115 1180 1174 intur·

179 1221 249 1282 bide
262 1240 360 1281 veram
374 1240 487 1299 pacem.
529 1219 638 1282 Tercio
652 1239 721 1282 vcro
734 1221 803 1281 dicit
817 1220 898 1299 quod
916 1221 989 1282 sicut
1003 1220 1180 1298 sanguisuga
1189 1216 1393 1314 3332&th

17 1327 91 1377 Prot·
102 1341 160 1376 m
180 1328 249 1387 dicit
259 1327 410 1405 dupliciter
418 1329 499 1406 afflr,
507 1328 588 1406 offer,
599 1326 756 1387 consulens
769 1327 856 1387 nimis
869 1326 1023 1388 crudeliter
1036 1326 1073 1385 ad
1088 1325 1181 1385 aulie-

17 1406 55 1458 ¹⁵'
181 1433 304 1494 rendum
324 1435 405 1493 bona
431 1442 533 1492 nature
561 1444 592 1492 ut
620 1432 709 1493 suus¹
732 1432 823 1494 lastus
844 1443 873 1494 et
898 1433 1030 1511 voluptas
1053 1431 1183 1509 corporis

181 1540 320 1612 foveatur,
335 1541 376 1599 sic
397 1549 554 1617 utrumque
575 1540 739 1599 membrum
752 1537 875 1599 ecclesie
885 1537 972 1599 debet
986 1556 1046 1617 quo
1059 1538 1097 1598 ad
1104 1539 1184 1599 bona

143 1644 296 1706 rolortime
316 1645 523 1705 medicinaliter
545 1645 802 1722 proporcionaliter
822 1655 852 1705 et
876 1644 1064 1706 effectualiter
1086 1643 1183 1704 dicere

184 1752 298 1811 “aulier
311 1749 416 1823 auler‚”
431 1750 586 1810 consulens
599 1749 637 1810 ad
645 1749 802 1810 fovendum
814 1751 892 1811 bona
903 1762 1004 1810 nature
1016 1751 1045 1809 ln
1054 1750 1184 1808 moribus

184 1857 265 1937 quod
287 1857 459 1934 temporalia
479 1869 547 1917 sunt
567 1857 772 1935 particulariter
796 1857 887 1916 instar
906 1855 1003 1934 pluvie
1023 1855 1184 1916 distributa

184 1963 224 2023 Et
243 1981 312 2024 cum
331 1965 370 2025 ad
391 1964 475 2024 istam
494 1964 674 2023 sentenciam
691 1971 814 2022 monent
835 1972 897 2022 tam
919 1962 1068 2022 incarnata
1080 1961 1185 2020 veritas

185 2088 275 2148 quam
289 2072 368 2130 racio
383 2070 520 2130 naturalis
533 2087 670 2148 rogemus
689 2070 785 2148 ipsam
804 2069 951 2129 veritatem
971 2067 1185 2145 omnipotenter

146 2204 176 2257 ¹⁵
186 2177 333 2254 sapienter
361 2186 390 2237 et
418 2178 576 2238 clementer
603 2187 704 2238 contra
730 2175 995 2254 pseudocristianos
1030 2172 1184 2234 defendere

185 2292 296 2359 partem
311 2300 404 2343 suam.
445 2283 565 2343 AMEN
590 2287 625 2356 ›1‹

432 2505 571 2579 anrua,
592 2504 641 2566 Dr
662 2500 931 2566 Orr1c10¹Rsors

321 2811 331 2844 ¹
348 2814 430 2864 lamas
440 2821 490 2879 pro
501 2828 567 2877 auus,
580 2826 606 2865 Α.
705 2813 715 2843 ⁸
731 2815 857 2866 Potestate
866 2821 916 2880 pro
927 2811 1018 2876 officio,
1030 2824 1054 2863 n.
