3030 5212
552 485 602 534 DE
625 485 775 538 OFFICIO
799 483 918 537 REGIS.
1401 489 1441 558 79

230 643 417 704 dominorum
450 643 651 719 temporalium
686 654 715 703 et
749 662 851 720 regum
889 644 1026 722 precipue
1059 653 1103 704 est
1138 645 1232 723 legem
1242 651 1442 745 magnum!

230 751 438 828 euangelicam
454 751 623 827 potestative
640 749 793 810 defendere
816 763 844 810 et
868 752 962 828 ipsam
984 753 1015 810 in
1036 770 1090 811 sua
1110 753 1424 856 conver-fffflffisde·

63 867 185 932 Chrysas·
231 859 348 917 sacione
373 857 543 934 diligencius
569 859 733 917 observare.
785 858 873 917 Unde
901 858 1099 919 Crisostomus
1126 855 1443 947 omeliaffigdlxfflffiffffe

64 940 118 982 lom

63 969 220 1064 Opimpert.
230 965 299 1023 xliiii
314 966 410 1041 operis
431 964 580 1041 inperfecti
595 966 701 1041 probat
716 965 797 1043 quod
811 976 912 1024 tacens
926 965 971 1024 vel
991 985 1053 1024 non
1074 965 1234 1025 defendens
1242 956 1330 1008 ὕψι·

64 1079 86 1114 Φ
98 1065 131 1113 ¹³·
144 1065 212 1129 9³³5-
230 1082 273 1130 est
293 1072 423 1148 proditor
441 1072 565 1130 veritatis
582 1083 610 1130 et
631 1073 749 1149 ponitur
763 1073 792 1130 xi
814 1092 862 1150 qu.
881 1074 926 1131 iiie
941 1073 1093 1133 ‘Nolite¹'
1116 1073 1232 1146 ‘Sicul,'

229 1179 330 1257 inquit,
347 1179 491 1235 ‘sacerdos
513 1179 616 1236 debitor
636 1185 677 1236 est
696 1186 729 1236 ut
748 1182 889 1238 oerr'tatcm
911 1200 994 1256 quam
1014 1183 1129 1239 audiuit
1140 1202 1159 1239 a
1173 1180 1233 1240 Deo

63 1146 86 1180 c.
96 1129 137 1180 8⁶.

228 1287 311 1344 libere
318 1287 449 1362 predicet,
463 1288 505 1344 sic
518 1288 610 1344 lae'cus
626 1287 730 1344 debitor
745 1294 787 1345 cst
803 1294 836 1344 ut
854 1291 997 1346 verr'tatem
1018 1308 1101 1364 quam
1121 1290 1235 1347 audivit

228 1414 247 1451 a
269 1394 456 1451 sacerdotibus
471 1396 616 1470 prolatam
638 1395 773 1472 defendat,
796 1397 871 1471 qaoa'
890 1397 921 1454 si
942 1417 997 1454 non
1010 1398 1119 1474 fecerit
1138 1399 1235 1473 prodet

65 1496 101 1542 Ν·
229 1499 387 1560 veritatem!
430 1501 477 1560 Ex
498 1501 559 1560 istis
574 1502 716 1578 colligitur
737 1502 819 1580 quod
834 1522 885 1561 rex
901 1505 938 1562 sit
960 1503 997 1562 ad
1016 1505 1229 1564 observandum
1239 1523 1357 1586 mering

190 1625 221 1659 10
229 1608 312 1685 legiis
322 1610 381 1667 suis
395 1609 538 1667 iusticiam
550 1609 728 1668 strictissime
743 1609 896 1685 obligatus,
908 1629 977 1668 narn
992 1610 1048 1669 hoc
1059 1612 1230 1670 mandatum
1238 1575 1433 1717 {dfssiffliiw

1347 1692 1360 1719 e

228 1717 316 1775 habet
343 1734 361 1774 a
388 1715 445 1775 deo
473 1727 613 1793 tanquam
641 1716 797 1792 precipuus
825 1717 888 1775 eius
916 1717 1047 1776 vicarius.
1092 1719 1166 1777 Ideo
1194 1726 1322 1778 extundet

229 1824 459 1900 prevaricacione
478 1823 571 1899 magis
592 1823 782 1900 culpabitur¹,
804 1842 872 1883 eum
894 1825 944 1882 ubi
966 1816 1057 1884 status
1077 1836 1122 1884 est
1141 1826 1419 1936 alciorssrrieeoenot,

64 1941 180 1989 wicdom
229 1931 313 1989 ruina
334 1929 378 1990 vel
399 1930 485 2008 culpa
506 1941 550 1989 est
570 1931 692 2006 gravior.
734 1930 771 1990 Et
792 1931 860 1990 hine
884 1932 1037 2009 Sapiencie
1059 1933 1103 1990 vi⁰
1127 1899 1421 2000 dicituroiir'lssiiim

62 2007 95 2054 vi.
108 2005 131 2055 ⁶'
229 2037 424 2096 Durc'smum
451 2039 585 2096 eicdice'um
613 2039 670 2097 itii
696 2041 748 2113 qui
765 2047 887 2115 presunt
904 2041 964 2115 fiet.
1006 2040 1044 2099 Et
1072 2041 1126 2100 hec
1151 2042 1230 2101 racio
1239 1999 1345 2050 cume·

190 2171 219 2222 15
229 2163 317 2222 quare
339 2145 498 2221 Apostolus
520 2146 648 2221 precepit
669 2145 830 2205 thimotheo
853 2147 1042 2223 coepiscopo,
1062 2158 1091 2207 et
1113 2149 1143 2205 in
1165 2149 1231 2225 ipso

66 2265 157 2314 1Tim.
171 2266 196 2315 ii.
228 2253 281 2311 toti
308 2251 438 2324 ecclesie,
463 2254 556 2329 prema
589 2253 719 2324 amnium,
739 2254 815 2328 fieri
840 2254 1048 2326 obsecrace'ones,
1077 2258 1227 2326 oraciones,
1238 2272 1291 2365 ξιξ
1289 2272 1417 2368 atsaiw

1256 2354 1262 2365 0
1349 2340 1355 2366 l

222 2360 433 2436 postulaciones,
446 2362 615 2435 graciarum
635 2363 759 2418 acciones
774 2371 831 2437 pro
846 2362 971 2418 omnc'bur
992 2362 1156 2432 dommilus,
1173 2373 1230 2438 pro
1254 2376 1382 2478 raymetfienttor

228 2467 340 2542 regibus
353 2472 379 2524 et
390 2467 514 2523 omnibus
528 2467 620 2541 quiin
634 2467 801 2525 sublimitate
813 2468 972 2525 constetutt'³
985 2475 1059 2539 sunt,
1070 2476 1103 2526 ut
1111 2471 1230 2544 quietam

227 2582 254 2632 et
265 2575 449 2649 tranquillam
464 2576 551 2631 veiam
565 2593 684 2650 mamus
697 2575 721 2631 it
735 2574 855 2633 Thimo.
870 2575 913 2633 iio.
956 2574 1014 2633 Sed
1024 2574 1110 2634 hodie
1125 2576 1165 2633 illi
1178 2576 1229 2651 qui
1238 2586 1423 2688 ridlefflge'me

191 2699 221 2737 ιο
229 2680 419 2740 defenderant
442 2681 614 2758 scripturam
630 2682 761 2739 nituntur
782 2683 964 2758 pervertere*
984 2682 1062 2741 hunc
1084 2683 1228 2754 ordinem,
1238 2687 1307 2735 order,

62 2803 132 2848 lea
229 2789 379 2864 exigentes
407 2786 488 2864 quod
510 2789 605 2865 primo
626 2800 724 2847 oretur
753 2787 767 2818 *
790 2807 843 2865 pro
869 2789 1021 2866 episcopis,
1043 2789 1147 2849 deinde
1176 2807 1230 2867 pro

227 2896 352 2971 regibus,
367 2895 449 2954 cuius
463 2895 631 2953 exaccionis
648 2913 737 2954 causa
755 2895 906 2972 multiplex
922 2906 1018 2973 potest
1032 2915 1097 2956 esse
1106 2916 1114 2969 3
1136 2898 1230 2973 prima
1237 2908 1271 3000 gif
1276 2909 1339 3007 33
1348 2923 1440 2959 amns,

229 3013 258 3060 ut
277 3002 447 3060 ostendatur
460 3002 490 3058 in
507 3002 619 3078 populo
640 3003 827 3079 superioritas
848 3002 1040 3074 sacerdotum,
1056 3004 1185 3062 secunda
1199 3014 1230 3062 ut

229 3110 303 3167 sicut
317 3109 489 3169 scindebant
504 3128 521 3167 a
536 3110 653 3185 regibus
667 3127 758 3186 regna
779 3127 840 3178 sua,
855 3110 896 3168 sic
910 3110 1097 3187 prescindant
1110 3129 1231 3187 prenos-

191 3237 220 3286 ²5
230 3217 285 3274 tice
307 3217 453 3292 spirituale
467 3216 636 3292 suffragium
657 3216 738 3291 quod
760 3216 801 3275 eis
822 3216 1032 3294 impenderent,
1048 3227 1077 3276 et
1098 3219 1186 3276 tercia
1199 3229 1232 3277 ut

230 3325 427 3400 prenosticent
449 3342 501 3383 eos
525 3324 628 3382 maiori
656 3324 865 3401 irreligiositate
889 3324 1062 3384 oracionum
1087 3326 1231 3402 suffragiis

230 3431 293 3509 plus
320 3450 414 3508 egere.
465 3431 555 3489 Aliter
582 3442 680 3490 autern
715 3449 777 3490 non
807 3429 893 3492 video
927 3432 999 3508 quin
1035 3442 1122 3490 staret
1157 3433 1230 3492 ordo

229 3538 390 3598 secundum
404 3556 492 3615 quern
507 3537 656 3615 apostolus
670 3538 769 3597 docuit
783 3556 913 3598 exorare.
956 3537 1013 3597 Sed
1028 3537 1177 3599 reddendo
1192 3540 1229 3598 ad
1238 3546 1408 3650 &diffie

60 3646 455 3718 1101‚120b‚stricticitatem⁶
471 3645 687 3722 *obligacionis
701 3644 805 3723 regalis
819 3645 856 3704 ad
871 3663 941 3705 suos
963 3644 1103 3717 subditos,
1118 3647 1230 3705 videtur
1239 3649 1392 3750 Egffigffi

190 3753 299 3819 somihi
328 3753 407 3831 quod
435 3772 486 3812 rex
514 3755 549 3811 sit
573 3754 638 3830 plus
662 3753 829 3812 seculariter
856 3752 1000 3830 obligatus
1025 3753 1084 3811 suis
1108 3753 1231 3812 subditis
1239 3750 1289 3802 ‘het
1299 3759 1322 3792 ⁸⁰
1330 3750 1380 3792 him

228 3877 318 3937 quam
332 3879 348 3919 e
362 3872 470 3920 contra.
512 3859 591 3919 Nam
613 3878 663 3919 rex
680 3859 766 3919 debet
780 3859 941 3919 seeundum
962 3860 1041 3936 leges
1055 3878 1121 3919 suas
1135 3860 1230 3938 legem

229 3967 285 4025 Dei
302 3969 396 4044 magis
413 3968 524 4026 bonum
542 3968 585 4026 eis
604 3968 736 4038 tribuere,
751 3978 779 4026 et
793 3978 825 4025 ut
844 3967 885 4026 sic
903 3977 947 4025 est
966 3968 1112 4044 obligacio
1126 3968 1228 4038 maior,
1238 3988 1286 4049 sup
1309 4003 1427 4050 ocemqnce

228 4092 299 4151 ergo
321 4073 480 4134 conclusio.
522 4073 601 4132 Nam
615 4074 763 4151 regimen⁸
777 4073 857 4150 quod
872 4092 921 4132 rex
944 4074 1031 4133 debet
1053 4074 1113 4133 suis
1127 4040 1438 4184 Ιεςίἰεένῖᾖὲῗέἓιὲἕὲι

264 4240 333 4291 'om
347 4241 432 4301 nolite,
445 4254 471 4290 Α.
532 4238 723 4305 ’culpabiliter,
736 4252 762 4288 Α.
822 4236 905 4288 ’sunt
916 4238 1052 4298 constituti,
1064 4249 1087 4287 tt.
1150 4237 1229 4302 ‘per-

229 4330 328 4375 vertere,
340 4332 373 4378 A3
390 4318 519 4368 defendere
527 4333 606 4376 canc.;
618 4317 648 4366 in
657 4332 737 4382 marg.
747 4325 893 4382 pervertere,
901 4329 926 4368 s.
976 4316 986 4345 ⁸
997 4315 1196 4376 strictitudinem,
1204 4327 1227 4366 s.

229 4401 238 4427 ⁶
255 4414 364 4462 regnum,
377 4410 402 4446 Α.
476 4393 487 4423 ¹
503 4395 606 4459 legistis,
621 4407 645 4444 s.
