3030 5212
593 520 641 568 nu
665 520 812 571 orricio
835 518 951 571 naurs.
1423 514 1485 587 235

279 675 359 752 quod
375 676 501 733 multum
521 694 573 752 per
593 678 702 747 omnia,
718 695 786 737 cum
808 678 946 754 sapientis
968 675 1084 736 scientis
1098 675 1276 734 voluntatem
1285 677 1448 779 mmer-

279 782 325 840 dei
354 783 391 840 sit
418 781 495 840 illam
524 783 678 859 precipere,
705 794 734 841 et
762 785 860 842 minus
888 782 1023 860 sapientis
1048 782 1084 841 sit
1107 782 1223 841 credere
1248 791 1276 839 et
1286 777 1469 870 fflfflffiffl

279 899 448 965 preceptum
463 889 631 948 obedienter
642 890 790 966 perficere.
827 889 957 963 Quodsi
972 889 1074 948 stultus
1088 907 1124 948 ex
1141 888 1276 964 superbia
1284 878 1486 971 „fflgt‘pogssfflssm

280 995 427 1054 lucilerina
460 995 580 1054 mandat
607 997 747 1056 voluntati
775 997 822 1056 dei
850 997 1037 1069 contrarium,
1070 995 1148 1055 racio
1175 979 1435 1072 magni2ffl⁵i¹,ss‚²,¹

255 1101 372 1164 lameriti
387 1111 429 1160 est
451 1102 607 1178 prudenter
630 1103 685 1161 sibi
708 1103 847 1161 resistere.
889 1103 928 1160 Et
952 1103 990 1160 ita
1011 1102 1201 1180 pseudocristi
1224 1120 1276 1179 per
1284 1080 1478 1174 fflffissffl

279 1209 412 1268 accidens
428 1218 549 1286 prosunt
563 1210 693 1280 ecclesie,
708 1227 776 1268 cum
798 1209 971 1268 difficultaut
991 1210 1124 1268 membra
1139 1208 1225 1268 Cristi
1239 1209 1276 1267 ad

279 1315 443 1375 faciendum
463 1317 525 1375 eius
540 1315 717 1375 voluntatem
732 1317 814 1375 cuius
829 1316 993 1392 complecio
1008 1326 1051 1375 est
1065 1333 1101 1374 eo
1115 1315 1277 1375 meritorior

279 1431 307 1481 et
321 1423 437 1481 racione
452 1423 617 1481 resistencie
632 1423 752 1499 insurgit
767 1440 874 1480 novum
895 1421 1030 1480 meritum
1045 1422 1196 1480 resistenti.
1237 1421 1277 1478 Et
1284 1423 1404 1516 mags}
1411 1424 1463 1517 30&

279 1539 357 1606 patet
372 1529 524 1605 quomodo
544 1528 584 1586 hii
605 1530 655 1606 qui
669 1527 806 1604 presunt¹
822 1529 929 1588 debent
944 1529 1093 1588 attendere
1112 1529 1273 1588 doctrinam
1283 1526 1463 1627 gtdymisgevs

112 1633 378 1698 Jameatrplacobi
401 1646 433 1691 10
446 1634 527 1713 quod
551 1635 607 1693 sint
629 1637 711 1693 tardi
729 1638 770 1693 ad
789 1637 960 1711 Quendam,
977 1635 1138 1712 specialiter
1162 1635 1199 1694 ad
1222 1626 1453 1728 imffigffigtffi

278 1741 439 1818 perandum
463 1742 492 1799 in
515 1742 631 1812 neutris,
647 1742 702 1800 nisi
726 1759 813 1817 super
832 1741 890 1801 hoc
908 1741 1048 1800 haberent
1066 1741 1276 1800 revelaciouem
1285 1726 1485 1818 ffffissssffim

279 1847 324 1906 vel
347 1847 504 1924 specialem
533 1848 689 1918 noticiam3
714 1848 782 1924 quia
804 1848 887 1906 aliter
909 1849 1052 1906 nescirent
1074 1847 1098 1905 si
1119 1847 1190 1905 deus
1211 1847 1277 1904 velit
1285 1828 1473 1930 ffifflfflpm'

279 1955 463 2014 contrarium.
505 1954 544 2012 Et
558 1953 624 2012 hinc
639 1953 763 2012 creditur
784 1954 864 2029 quod
886 1972 922 2013 ex
944 1953 1191 2031 multiplicacioue
1211 1971 1276 2029 pre-

112 2065 149 2111 48
161 2077 185 2112 o
279 2061 402 2120 latorum
418 2059 433 2091 *
448 2060 680 2137 imprudencium
694 2069 724 2119 et
738 2060 950 2137 prepositorum
968 2060 1168 2119 novellarum²
1182 2059 1277 2136 religi-

239 2184 270 2234 ¹⁵
279 2185 370 2226 onum
385 2166 612 2243 precipiencium
634 2167 777 2225 novitates
790 2168 972 2243 perturbatur
987 2166 1120 2237 ecclesia,
1136 2185 1204 2226 cum
1219 2165 1278 2223 illi³

279 2292 347 2350 sepe
376 2292 393 2331 a
413 2272 560 2331 voluntate
586 2271 632 2331 dei
656 2273 822 2332 exorbitant
844 2273 1029 2350 irreligiosius
1053 2292 1143 2352 quam
1166 2273 1278 2332 domini

279 2380 432 2449 seculares,
455 2397 523 2438 cum
546 2380 664 2438 veniunt
688 2388 830 2457 tanquam
852 2379 965 2440 Cristus
984 2381 1174 2440 vendicantes
1197 2380 1277 2457 quod

279 2486 366 2545 debet
389 2485 488 2562 perfici
511 2495 649 2562 tanquam
672 2485 805 2544 voluutas
829 2486 876 2545 dei
904 2488 1044 2565 quidquid
1066 2487 1276 2547 mandaverint.

279 2592 317 2651 Et
345 2593 400 2651 ista
427 2591 586 2651 blasfema⁴
608 2592 728 2651 civilitas
756 2593 908 2653 confundit
929 2594 1092 2665 ecclesiam,
1118 2612 1185 2652 curu
1207 2611 1277 2670 sepe

240 2699 421 2758 remandant
446 2698 555 2757 nedum
583 2698 664 2776 quod
687 2698 798 2758 Cristus
822 2700 948 2758 consulit
975 2700 1028 2759 sed
1055 2699 1146 2759 multa
1174 2711 1277 2760 contra

280 2806 368 2865 Cristi
381 2805 502 2865 consilia
517 2816 545 2864 et
559 2816 695 2882 precepta
703 2824 711 2876 ;
733 2815 761 2864 et
775 2806 816 2864 sic
831 2806 985 2865 consilium
999 2807 1195 2883 reputacionis
1209 2824 1276 2865 cum

281 2912 433 2972 formidine
445 2929 559 2970 versum
575 2912 663 2970 estin
678 2921 850 2989 preceptum
864 2913 1074 2972 dominativum
1092 2931 1159 2973 cum
1175 2913 1280 2972 acerba

280 3028 309 3078 et
322 3019 573 3078 excomunicativa
594 3019 761 3078 exaccione.
802 3019 841 3078 Et
861 3019 929 3079 hiuc
950 3020 1177 3097 multiplicantur
1197 3038 1279 3078 men·

281 3125 362 3184 dacia
377 3124 593 3202 prepositorum
615 3125 778 3184 dicencium
800 3126 882 3202 quod
896 3136 940 3186 est
954 3127 1048 3186 taliter
1063 3125 1236 3195 iaciendum,
1251 3134 1280 3184 et

240 3248 271 3302 ²5
281 3231 504 3291 denuncciatum
525 3231 713 3290 rebellantem
727 3232 769 3292 eis
783 3250 847 3292 esse
862 3235 1117 3293 excomunicatum
1139 3243 1278 3309 tanquam

280 3337 393 3397 hostem
408 3336 530 3396 ecclesie
545 3338 734 3414 puniendum.
776 3338 874 3399 Causa
887 3350 987 3398 autem
1004 3340 1137 3398 omnium
1159 3340 1279 3399 istorum
1288 3354 1323 3396 mr
1333 3354 1376 3396 ture
1385 3367 1456 3397 come
1468 3356 1492 3397 oi

281 3454 325 3504 est
354 3444 423 3522 quia
457 3444 601 3503 receditur
632 3463 650 3503 a
678 3444 815 3522 religione
850 3446 1020 3522 apostolica,
1049 3445 1164 3506 Cesaris
1199 3405 1481 3516 ηονί-ῗῖἷῖιιιήιιιιιὶῗῗῆἷῖῗιγ

1289 3506 1457 3559 stolicrelrgrou.

280 3551 389 3610 tatibus
406 3550 596 3610 intendendo.
639 3550 737 3610 Nemo
751 3552 829 3610 enim
844 3551 931 3610 debet
946 3552 1105 3629 precipere,
1121 3551 1171 3611 sed
1185 3570 1281 3630 neque

281 3657 448 3734 simpliciter
468 3657 630 3727 consulere,
645 3657 698 3715 nisi
720 3658 800 3734 quod
821 3657 906 3717 sciret
923 3675 987 3716 esse
1009 3657 1045 3716 de
1061 3657 1209 3717 voluntate
1226 3658 1281 3716 dei.

241 3780 274 3832 ³0
284 3762 342 3823 Sed
365 3762 551 3823 dominantes
574 3763 605 3821 in
627 3762 706 3823 clero
729 3762 838 3822 iaciunt
860 3763 935 3822 hanc
959 3763 1121 3822 doctrinam
1146 3782 1281 3823 corruere

282 3868 481 3929 machinantes
491 3869 583 3928 multa
595 3868 690 3927 media
704 3868 844 3928 blasfema
855 3869 961 3945 quibus
973 3869 1160 3947 sophisticent
1171 3870 1281 3945 dogma

282 3993 376 4048 suurn,
399 3985 431 4035 ut
455 3975 496 4035 hii
520 3976 621 4036 dicunt
644 3974 725 4053 quod
749 3974 831 4033 aliter
853 3976 959 4051 periret
982 3986 1073 4034 status
1095 3975 1224 4047 ecclesie,
1239 3975 1280 4033 hii

282 4092 379 4141 autem
397 4081 566 4141 blasfemius
579 4082 660 4159 quod
679 4081 758 4158 leges
771 4092 800 4140 et
813 4083 1007 4141 execuciones
1020 4100 1131 4156 earum,
1146 4092 1175 4141 et
1189 4100 1280 4158 quau·

281 4189 379 4265 doque
394 4188 509 4259 iniuste,
524 4186 656 4248 faciende
670 4196 739 4245 sunt
753 4198 784 4246 ut
799 4186 906 4245 subditi
921 4198 1089 4259 terreantur,
1104 4187 1186 4246 ethii
1200 4187 1281 4263 quod

240 4294 336 4357 atheo
358 4293 445 4370 culpa
467 4293 563 4353 solum
586 4293 664 4353 cadit
685 4293 717 4351 in
739 4293 894 4371 prepositis
917 4293 968 4352 sed
990 4294 1085 4352 maius
1098 4294 1233 4352 meritum
1250 4293 1280 4350 iu

281 4410 625 4476 ¹corr.Edd.exprosunt‚A
641 4422 665 4460 tt.
694 4407 915 4470 'novellorum,tt.
945 4407 1018 4471 ¹i11e,
1028 4422 1055 4460 tt.
1088 4408 1280 4468 ‘blancardus⁴
