3038 5198
98 3013 137 3062 ²3·

97 3458 175 3506 Mb.

577 532 626 581 DE
649 533 795 583 OFFlClO
821 533 937 583 REGIS.

259 686 438 747 infallibilem
452 689 620 747 veritatem?
659 689 736 748 Nam
752 690 861 765 precise
876 688 1072 748 obediendum
1086 699 1128 748 est
1143 685 1255 746 homini

259 794 296 851 de
319 805 429 871 quanto
455 795 522 853 dicit
546 794 724 854 voluntatem
746 794 792 853 dei
813 813 902 872 quam
926 795 1092 853 naturaliter
1116 795 1190 871 gerit
1212 796 1255 851 in·

258 901 394 976 scriptam
406 921 415 973 ;
438 911 475 970 et,
492 920 528 960 ne
552 920 603 977 per
625 902 847 972 anticristianos,
871 912 1027 961 statuentes
1050 900 1190 960 blasfeme
1212 899 1256 958 vel

259 1007 431 1066 mandantes
458 1007 556 1067 Cristo
590 1009 775 1079 contrarium,
797 1007 922 1084 populus
957 1007 1118 1077 seducatur,
1154 1025 1255 1082 super-

235 1112 370 1177 saddidit
391 1113 485 1190 legem
507 1132 598 1186 suam,
614 1114 659 1173 cui
682 1114 773 1173 noluit
795 1113 949 1190 superaddi
975 1113 1019 1171 vel
1043 1113 1135 1170 minui
1151 1112 1256 1188 imper·

259 1219 354 1278 tinens
382 1221 441 1279 sive
465 1220 641 1279 contrarium
667 1239 720 1298 per
747 1219 827 1297 quod
849 1239 866 1278 a
891 1219 1029 1296 religione
1058 1219 1181 1277 naturali
1209 1218 1256 1276 dei

259 1325 385 1401 populus
409 1327 577 1385 tardaretur.
618 1324 656 1384 Et
680 1335 713 1402 3⁰
727 1336 806 1402 patet
829 1327 967 1384 scrutanti
988 1334 1082 1384 totum
1106 1324 1444 1426 h⁰ml¹¹emfi¹¹s¹ssss¹32mffil³

258 1450 326 1490 curn
342 1443 451 1508 quanta
469 1432 627 1508 prudencia
647 1432 683 1490 sit
703 1433 811 1492 occisio
833 1431 972 1490 iacienda.
1014 1430 1157 1489 Videmus
1178 1431 1255 1489 enirn
1265 1435 1439 1527 {pgffismp

260 1539 508 1614 conposicionem,
527 1540 780 1598 continuacionem
802 1548 831 1597 et
852 1547 984 1595 mutuam
1012 1536 1377 1614 suffragacioneminkifflnss·

222 1644 368 1705 ronedum
383 1662 435 1721 per
449 1645 606 1717 hominem,
621 1646 673 1704 sed
694 1663 746 1721 per
767 1655 858 1704 totam
879 1645 1096 1702 universitatem
1118 1653 1254 1717 creatam,

259 1769 310 1826 per
324 1752 404 1828 quod
419 1753 548 1827 signatur
563 1753 648 1810 nobis
664 1752 824 1811 secundum
846 1752 941 1827 legem
962 1752 1088 1809 caritatis
1109 1750 1256 1827 indispen-

260 1857 381 1916 sabilem
413 1858 493 1935 quod
521 1858 617 1918 omnis
652 1858 743 1918 homo
781 1858 867 1917 debet
895 1875 1014 1917 ornnem
1039 1857 1188 1917 hominem
1213 1858 1256 1914 in-

260 1964 458 2040 separabiliter
472 1963 591 2041 diligere
605 1975 633 2023 et
648 1965 758 2035 iuvare;
774 1983 809 2023 ex
825 1983 884 2042 quo
900 1965 1045 2024 convincit
1066 1965 1147 2042 quod
1162 1963 1256 2024 solum
1266 1966 1432 2059 ssssfflssltie

261 2070 381 2148 quando
402 2072 568 2129 membrum
590 2070 711 2129 humani
733 2073 848 2148 generis
871 2072 1015 2149 reliquum
1039 2067 1446 2159 inficeretvela{1232231‘ffifffdieflfs

220 2203 250 2252 15
262 2177 380 2236 servicio
405 2177 462 2236 deo
487 2177 584 2237 debito
610 2178 762 2254 impediret
790 2178 901 2236 abscidi
930 2178 1016 2236 debet
1042 2178 1085 2236 vel
1113 2178 1256 2237 caritative
1266 2169 1428 2267 ‘thffi‘effl'g‘e'

260 2282 419 2342 resistendo
448 2283 485 2341 ad
513 2284 557 2342 sui
581 2284 739 2343 comodum
774 2284 954 2352 conmoveri,
976 2294 1005 2342 et
1040 2284 1201 2359 specialiter
1234 2285 1258 2343 si
1267 2270 1344 2362 {putu
1353 2270 1380 2310 ¹²⁸
1394 2269 1466 2310 Μ’*

260 2391 383 2466 superbe
414 2400 443 2449 et
470 2390 609 2450 blasfeme
637 2389 865 2467 attemptaverit¹
894 2389 1001 2467 aliquid
1029 2400 1130 2449 contra
1158 2390 1449 2493 deumgffipgnfoom

261 2495 340 2554 Nam
355 2496 514 2554 secundum
529 2497 741 2556 Crisostomum
756 2499 888 2555 membra
902 2495 1043 2555 nobiliora
1059 2497 1120 2554 sine
1135 2497 1253 2572 strepitu
1264 2494 1467 2585 fflggfdssfflm

262 2602 305 2660 vel
320 2602 476 2661 rebellione
490 2603 661 2680 ignobilium
683 2603 792 2662 faciunt
812 2602 996 2662 concorditer
1013 2620 1098 2660 suurn
1120 2594 1429 2695 Officium-ffiffi‘gffi,

221 2730 252 2766 πο
261 2707 347 2767 Unde
362 2709 401 2767 ad
415 2708 636 2785 deprimendum
650 2709 811 2767 humanam
826 2709 992 2785 superbiam
1003 2709 1144 2768 ordinavit
1156 2719 1257 2768 auctor
1266 2695 1331 2737 ’Μ

261 2823 361 2873 nature
376 2814 535 2874 secundum
551 2815 716 2892 apostolum
731 2817 929 2891 membraque
941 2814 1113 2890 ignobiliora
1125 2814 1258 2872 videntur

98 2933 184 2984 icor.
197 2933 242 2982 xit.
262 2921 457 2981 necessariora
482 2922 519 2979 ad
542 2923 628 2980 vitam
651 2922 813 2993 hominum,
836 2931 867 2978 ut
890 2922 919 2978 in
945 2919 1001 2978 hoc
1024 2938 1085 2978 non
1111 2920 1259 2979 discamus

262 3028 439 3087 contendere
467 3028 543 3087 circa
572 3029 763 3087 maioritatem
790 3028 881 3088 nostri
911 3027 1005 3099 officii,
1032 3026 1083 3085 sed
1105 3045 1260 3103 operemur

262 3135 375 3194 bonum
403 3135 442 3193 ad
462 3152 565 3194 omnes
592 3136 732 3194 instanter
759 3135 957 3193 credulitatem
988 3135 1094 3193 nostris
1122 3136 1259 3210 operibus

221 3266 251 3316 ²5
262 3240 463 3318 relinquentes,
479 3243 695 3301 considerantes
712 3240 790 3318 quod
809 3240 887 3300 solus
901 3240 946 3300 ille
961 3240 1107 3300 homicida
1122 3242 1159 3298 ab
1174 3242 1260 3299 inicio

261 3364 327 3405 curn
356 3347 415 3405 suis
438 3346 502 3406 filiis
523 3347 681 3407 affeccione
704 3342 831 3427 vacui[s]
847 3347 970 3405 seminat
992 3347 1165 3405 discordiam
1187 3348 1259 3405 inter

262 3450 371 3511 iratres.
421 3451 547 3513 Caritate
572 3452 586 3483 *
613 3454 699 3529 igitur
727 3451 855 3511 subtrahi
883 3452 968 3511 debet
996 3452 1092 3511 iacula
1120 3454 1148 3510 in
1175 3453 1260 3512 bonis

262 3558 398 3629 minimis,
414 3558 483 3616 dum
499 3559 617 3621 flamma
639 3559 807 3617 innaturalis
824 3558 1001 3627 accenditur,
1017 3570 1128 3629 natura,
1144 3578 1201 3636 que
1216 3571 1260 3620 est

262 3681 337 3740 opus
362 3663 408 3722 dei
435 3673 464 3722 et
492 3665 565 3735 linis,
586 3665 682 3740 gracia
706 3665 787 3722 cuius
810 3663 938 3723 affectari
963 3665 1048 3723 debet
1072 3665 1259 3741 emplastrum

98 3769 246 3834 Augustino,
262 3768 437 3829 stercorum²
451 3770 584 3847 semper³
599 3770 684 3828 salva.
719 3767 807 3828 Unde
822 3771 983 3829 secundum
998 3771 1193 3847 Augustinum
1209 3773 1238 3828 in
1248 3773 1258 3803 ⁴
1268 3776 1456 3837 samsonem

98 3837 173 3899 Ques.

98 3901 193 3977 bivang.

97 3979 163 4015 mx.

261 3874 307 3933 De
335 3876 535 3952 questionibus
563 3876 712 3951 euangelii
737 3886 788 3935 ca⁰
815 3886 877 3950 29⁰,
903 3874 980 3934 idem
1008 3875 1081 3934 foret
1109 3828 1333 3935 hominempnd‘*

262 3982 409 4058 superbire
424 3982 459 4040 de
471 3982 680 4058 temporalibus
690 3983 857 4040 necessariis
872 3982 909 4040 ad
924 3981 1108 4039 sanandum⁵
1122 3983 1259 4040 morbum

262 4087 291 4144 in
317 4104 403 4161 quem
428 4086 526 4163 lapsus
551 4097 595 4145 est
616 4105 652 4145 ex
677 4097 797 4162 peccato
822 4087 908 4163 primi
936 4085 1062 4144 hominis
1087 4104 1121 4144 ac
1147 4086 1170 4143 si
1195 4087 1260 4161 quis

261 4192 421 4268 superbiret
443 4193 576 4251 maniace
598 4211 636 4251 ex
660 4209 748 4251 onere
772 4191 961 4268 deprimentis
990 4191 1066 4250 sacci
1094 4191 1259 4268 multiphcis

294 4340 491 4405 ¹acceptaverit,
504 4355 529 4390 Λ.
604 4341 769 4391 'sanctornm
783 4347 830 4404 pro
842 4349 985 4400 stercorum,
998 4353 1023 4389 Λ.
1101 4339 1200 4405 'super
1210 4347 1260 4404 pro

262 4433 364 4483 semper,
378 4432 404 4468 Α.
471 4419 588 4478 ‘in,om.
603 4430 628 4467 Α.
696 4418 868 4468 5εῑιὶνειικὶιιιῐι
880 4425 930 4482 pro
942 4417 1087 4478 sanandum,
1100 4430 1126 4466 Α.
