3030 5212
498 520 547 569 DE
571 519 719 569 OFFICIO
743 517 860 569 REGIS.

183 680 263 756 prius
277 677 327 736 fuit
342 677 504 737 eternaliter
512 675 674 735 secundum
684 676 818 735 deitatem
829 685 856 733 et
868 673 1065 749 temporaliter
1076 691 1181 732 secun·

183 785 253 844 dum
267 784 485 843 humanitatem.
507 783 580 840 ideo
593 781 694 840 habuit
708 782 856 841 racionem
871 779 971 856 sponsi
985 777 1181 855 procedentis¹

183 890 219 949 de
235 889 372 960 thalamo,
387 907 454 948 curn
468 906 575 964 corpus
595 887 712 962 virginis
728 886 781 944 suit
798 886 903 947 domus
920 885 1073 961 singularis
1092 903 1181 962 quam

183 995 280 1055 Cristu
320 994 489 1053 inhabitavit
513 993 674 1052 secundum
697 993 822 1052 mediam
845 992 1054 1069 plenitudinem
1073 993 1180 1067 gracie,
1190 997 1237 1098 3¹}
1237 995 1390 1088 &niwn-

159 1114 249 1178 squa‚
264 1111 296 1160 ut
308 1100 439 1170 creditur,
454 1099 556 1159 mulier
570 1099 705 1158 hahuisse
720 1117 780 1158 non
794 1099 888 1175 potuit
901 1098 1059 1158 meliorem.
1102 1098 1181 1157 Sicut
1191 1097 1284 1188 ¹5le
1291 1098 1377 1188 {3¹¹2

182 1208 260 1267 enim
275 1207 386 1266 Cristus
400 1206 500 1264 habuit
515 1205 726 1282 plenitudinem
737 1206 833 1282 gracie
843 1205 959 1265 unionis
970 1223 1028 1281 qua
1039 1205 1068 1262 in
1079 1214 1182 1263 natura
1190 1161 1391 1289 {ffiffiffiffih

182 1313 310 1372 humana
324 1313 418 1372 maior
431 1330 496 1373 esse
510 1330 571 1370 non
586 1313 677 1388 potuit
685 1309 704 1383 ¹,
720 1313 761 1371 sic
772 1322 865 1370 mater
879 1329 930 1369 sua
944 1312 1044 1370 hahuit
1059 1311 1181 1387 plenitu-
1190 1299 1281 1399 {2322}
1295 1297 1371 1397 ἳξῗῇᾗ

183 1419 280 1478 dinem
307 1419 404 1494 gracie
427 1418 580 1496 spiritualis
609 1419 791 1493 cognicionis
813 1418 893 1495 qua⁸
916 1419 947 1476 in
975 1436 1046 1476 sexu
1074 1398 1367 1509 seminegffgnssleffiim’

182 1525 275 1583 maior
289 1543 352 1583 esse
366 1542 427 1583 non
440 1524 542 1599 potuit.
574 1522 736 1600 Stephanus
745 1535 841 1583 autem
856 1524 957 1582 habuit
970 1524 1179 1599 plenitudinem
1190 1500 1382 1609 {lffiffigoe

145 1642 175 1678 ¹0
182 1631 279 1704 gracie
303 1628 588 1706 praedestinationis,
606 1639 637 1687 ut
659 1639 738 1706 patet
755 1629 821 1708 Joh.
845 1630 878 1702 i⁰‚
901 1630 982 1689 Luce
1005 1630 1037 1702 i0,
1056 1631 1113 1688 Act
1137 1599 1393 1686 6⁰.⁰s⁹'‘d‘⁸¹¹¹¹²”⁰⁰'

181 1734 278 1795 Prima
293 1745 389 1794 autem
403 1736 501 1811 gracia
515 1735 546 1792 in
560 1737 732 1812 superlativo
746 1737 838 1813 gradu
852 1737 955 1795 dicitur
969 1736 1075 1795 habere
1090 1735 1180 1811 pleni·

181 1842 311 1900 tudinem
326 1841 486 1900 secundum
500 1841 747 1917 praecellenciam,
765 1842 893 1901 secunda
907 1861 975 1901 vero
989 1843 1019 1900 in
1031 1860 1181 1917 compara·
1190 1847 1237 1888 The
1247 1847 1356 1898 plenitude

1190 1899 1217 1940 oi'
1222 1899 1258 1940 the
1267 1897 1311 1940 first
1321 1898 1372 1940 kind

181 1947 239 2006 tivo
266 1947 358 2023 gradu
390 1946 492 2005 dicitur
519 1947 625 2006 habere
654 1948 863 2024 plenitudinem
893 1948 1054 2010 secundum
1082 1947 1393 2042 ⁵⁰90¹·{{251{‘J,{⁰{?,¹ffg

181 2052 425 2124 habundanciam,
444 2053 496 2112 sed
521 2054 603 2111 tertia
627 2055 724 2130 gracia
750 2055 795 2111 in⁴
819 2055 945 2130 positivo
964 2055 1054 2130 gradu
1080 2054 1182 2113 dicitur
1192 2049 1381 2145 fflassaelugft·

143 2183 154 2219 1
158 2184 172 2234 5
181 2158 288 2219 hahere
294 2159 502 2236 plenitudinem
508 2160 668 2218 secundum
673 2161 887 2231 sufficienciam,
893 2161 942 2238 qui
949 2160 1073 2237 gradus⁵
1076 2161 1181 2235 gracie,
1192 2149 1328 2251 ζξξῇἓξζῇζξ

181 2265 247 2324 licet
261 2266 398 2325 omnibus
407 2264 606 2341 predestinatis
620 2266 741 2337 insuerit,
753 2268 782 2325 in
799 2267 947 2343 Stephano
960 2269 1077 2325 tamen⁶
1090 2266 1137 2325 hic
1153 2267 1182 2323 in

20 2387 48 2434 ο.
113 2443 117 2450 ,
182 2372 228 2429 via
247 2370 407 2431 secundum
422 2371 570 2447 quoddam
585 2374 709 2431 caritatis
724 2373 904 2450 privilegium
921 2375 1052 2432 rutilavit.
1095 2371 1182 2431 Unde

181 2477 341 2538 notandum
358 2478 484 2549 ulterius,
499 2478 580 2555 quod
593 2497 698 2538 omnes
718 2481 763 2539 isti
777 2493 833 2541 tres
851 2479 959 2556 gradus
972 2480 1066 2557 gracie
1088 2479 1182 2538 solum

181 2585 280 2643 insunt
293 2583 511 2660 praedestinatis
525 2594 553 2666 et
568 2602 585 2643 a
599 2586 695 2661 primo
712 2587 827 2645 instanti
847 2586 1047 2662 generacionis
1062 2583 1182 2643 subiecti
1192 2583 1366 2686 gelloffilgng·

142 2717 173 2752 ιο
181 2690 279 2748 insunt
293 2690 430 2748 continue
444 2707 536 2765 usque
551 2690 589 2748 ad
603 2701 709 2749 statum
724 2692 919 2751 beatitudinis.
949 2692 986 2750 Et
1001 2693 1041 2749 ita
1055 2689 1182 2767 quelibet
1191 2685 1390 2776 {ltt’ffissffiss

181 2795 245 2854 talis
259 2795 396 2854 continue
411 2804 454 2853 est
467 2797 573 2870 gracia,
588 2807 615 2854 et
636 2797 805 2873 inpossibile
824 2808 867 2857 est
888 2797 968 2874 quod
984 2797 1112 2856 subiecto
1128 2812 1182 2855 suo
1190 2784 1367 2878 {lfflghfflm

182 2902 249 2960 insit
259 2902 353 2960 maior
362 2902 461 2977 gracia
470 2919 558 2977 quarn
570 2912 612 2961 eat
627 2902 683 2973 illa,
693 2912 721 2961 et
732 2905 804 2962 sicut
816 2904 938 2962 finaliter
953 2905 1038 2962 iaciat
1052 2903 1182 2962 ultimam

186 2990 416 3083 capacitatem‘in
428 3008 520 3084 patria
535 3008 576 3066 sic
589 3009 725 3068 continue
737 3009 783 3069 hic
795 3009 879 3068 saciat
893 3009 1060 3068 societatem
1071 3009 1116 3068 vel
1125 3010 1182 3068 dis·

19 3129 72 3176 aa
183 3113 364 3189 posicionem
379 3114 640 3190 correspondenter
655 3126 686 3173 ut
701 3115 858 3192 adquiritur
872 3115 919 3176 hic
935 3117 965 3174 in
980 3117 1033 3175 via.
1072 3114 1183 3181 Cristus

125 3254 154 3304 ²5
182 3230 280 3277 autem
292 3219 453 3278 secundum
467 3220 590 3294 primam
601 3221 730 3296 graciam
740 3220 792 3279 fuit
803 3222 888 3297 plene
898 3221 989 3281 homo
1001 3233 1029 3283 et
1040 3222 1183 3298 perfectus

182 3325 224 3383 vir
239 3343 295 3402 pro
315 3325 408 3400 primo
428 3325 546 3384 instanti
566 3344 616 3385 sue
639 3328 845 3403 conceptionis,
863 3327 956 3388 Maria
971 3347 1038 3388 vero
1053 3328 1103 3387 diu
1116 3340 1182 3404 post

181 3451 266 3492 auam
287 3432 508 3508 conceptionem
523 3433 553 3490 in
567 3435 676 3492 unione
691 3434 787 3493 anime
802 3444 831 3492 et
845 3436 975 3511 corporis
992 3437 1103 3511 accepit
1118 3453 1182 3494 esse

181 3539 316 3597 hominis.
348 3537 477 3614 Uterque
493 3548 590 3598 tamen
604 3539 690 3598 exivit
704 3541 836 3599 sanctus'
850 3551 991 3612 exntero,
1006 3541 1058 3601 sed
1072 3542 1182 3601 Cristus

182 3654 321 3721 tanquam
336 3645 510 3704 inhabitator
525 3645 613 3705 totius
627 3646 758 3706 ecclesie.

142 3794 175 3842 30
225 3749 401 3810 Redeundo⁸
418 3768 489 3827 ergo
510 3762 589 3826 patet
612 3751 693 3827 quod
719 3770 820 3813 sensus
841 3755 963 3829 apostoli
988 3765 1032 3812 est
1056 3772 1182 3814 asserere
1191 3761 1375 3864 {hg-023·

181 3873 282 3932 regem
305 3856 411 3915 debere
436 3874 626 3933 quoscunque
649 3858 722 3917 alios
744 3860 774 3918 in
797 3859 908 3920 honore
927 3860 1077 3919 mundano
1100 3863 1374 3965 prae-phlftnlskffleffib

21 3962 175 4024 renna.
184 3962 295 4021 cellere.
337 3961 424 4023 Unde
446 3973 478 4019 20
497 3963 594 4023 subdit
611 3965 641 4021 in
659 3965 764 4023 eodem
782 3965 908 4040 capitulo
929 3966 1028 4025 Omnes
1045 3963 1378 4038 immate,n³w¹¹0then

1190 4027 1211 4054 rn
1225 4014 1298 4055 worldl

170 4068 383 4147 fraternitatem
407 4070 522 4144 diligite,
546 4071 624 4128 deum
649 4073 743 4140 timete,
766 4090 855 4146 regem
880 4073 1080 4150 honorr'sicate'.
1123 4073 1180 4132 Ubi
1189 4028 1351 4156 ffifflgffossj„
1361 4114 1391 4164 by

1189 4178 1285 4205 VQTSH·

216 4233 385 4299 ¹procedens,
399 4247 425 4284 Α.
469 4233 647 4299 'potuerinta
698 4235 943 4302 'quiaproquaqru
993 4238 1179 4303 ‘etproimrt¹
1267 4178 1277 4214 ⁷

183 4309 301 4360 'hahere
320 4319 367 4375 pro
386 4313 477 4376 gracie,
490 4325 516 4362 Α.
591 4311 713 4362 'tantum
731 4322 780 4378 pro
801 4323 893 4377 tamen,
912 4329 938 4365 Α.
1011 4315 1115 4367 'iactus
1132 4326 1181 4382 pro

184 4395 290 4450 sanctus,
302 4401 328 4438 Α,
396 4391 406 4419 ⁸
423 4390 565 4450 Reddendo,
580 4402 605 4441 Α.
671 4392 680 4420 ⁹
697 4392 825 4454 honorate,
840 4405 861 4442 o.

652 4494 700 4532 Η
