3030 5212
536 497 585 547 DE
610 496 753 549 OFFICIO
778 496 893 548 REGIS.

221 654 295 713 versi
310 666 499 731 cormmpunt
512 665 542 714 et
558 655 712 714 effundunt
728 658 757 714 in
776 670 889 727 terram,
905 655 1043 714 occidunt
1063 653 1219 731 prophetas

221 769 250 817 et
264 761 414 837 apostolos
429 773 457 821 et
471 762 645 838 sanguinem
660 765 815 823 verborum
834 780 946 833 eorum,
961 762 989 820 id
1005 774 1048 820 est
1063 762 1218 832 veritatem,

221 866 376 926 effundunt
390 868 419 925 ln
434 877 548 928 terram.
590 869 628 927 Et
642 871 762 946 quocies
780 869 858 928 aliud
876 869 1066 946 intelligentes
1081 869 1109 926 in
1124 869 1219 928 verbis

221 972 429 1050 prophetarum
443 986 472 1033 et
488 975 688 1052 apostolorum
706 987 735 1034 et
754 975 831 1034 aliud
846 986 1033 1052 persecuntur
1052 976 1080 1033 in
1101 974 1218 1051 populo,

197 1079 387 1138 thlaslemias
405 1098 472 1140 suas
494 1093 524 1139 ut
548 1081 659 1157 lapides
680 1082 826 1158 quosdam
850 1083 955 1141 iactant
970 1101 1057 1158 super
1071 1081 1219 1159 apostolos

56 1185 87 1233 P·
222 1195 251 1243 et
264 1185 432 1263 prophetas.
474 1185 511 1244 Et
532 1187 555 1245 si
578 1196 713 1246 notemus
733 1188 840 1258 omnia,
857 1190 1032 1264 prelatorum
1045 1188 1176 1248 Ecclesie
1190 1199 1418 1252 etThaemmany

224 1293 343 1352 nomine
357 1292 536 1364 clericorum,
551 1291 619 1371 qui¹
637 1294 798 1354 omittendo
813 1305 841 1353 et
856 1295 1037 1354 comittendo
1058 1294 1221 1353 diminuunt
1230 1253 1420 1353 {idhnhhsseesdhh

223 1397 352 1458 lacerant
367 1398 409 1459 vel
432 1413 621 1479 corrumpunt
645 1402 732 1461 fidem
754 1403 901 1479 scripture,
917 1403 1111 1461 invenirentur
1133 1401 1220 1463 hodie
1229 1355 1375 1455 355331223?
1377 1353 1431 1403 may

224 1505 306 1563 multi
320 1505 438 1566 heretici
460 1507 618 1584 prophetas
632 1518 661 1566 et
675 1509 824 1585 apostolos
846 1508 1021 1578 occidentes,
1037 1518 1066 1567 et
1086 1510 1221 1584 precipue

183 1611 262 1669 roilli
276 1611 327 1689 qui
342 1613 418 1671 varie
433 1612 593 1672 distrahunt
607 1632 658 1673 eos
673 1615 723 1691 qui
743 1615 925 1673 intenderent
946 1614 1109 1691 theologice
1130 1614 1221 1672 lacul-

57 1724 119 1772 ποι
127 1726 180 1775 175
187 1726 215 1772 b.
225 1718 283 1777 tati.
323 1717 393 1776 Et*
409 1730 528 1795 propter
549 1718 605 1779 hoc
624 1720 704 1796 quod
732 1721 853 1780 ecclesia
873 1721 1067 1780 hereticorum
1081 1739 1136 1798 que
1151 1721 1221 1781 olim

224 1824 360 1900 lapidavit
376 1823 534 1901 prophetas
557 1836 645 1903 atque
668 1827 816 1904 apostolos
831 1828 897 1885 vivit
920 1827 1006 1886 hodie
1024 1823 1223 1904 persequens¹

58 1940 214 1992 Mattxxiit
224 1950 276 1991 eos
298 1933 327 1990 in
354 1932 412 1990 suis
440 1931 514 2002 liliis,
539 1931 615 2002 ideo,
644 1933 713 1992 dicit
737 1932 857 2004 Cristus,
882 1933 986 1992 Matth.
1013 1953 1060 2009 23,
1084 1945 1116 1991 ut
1141 1942 1223 1992 notat

59 2019 98 2070 ³4
224 2039 326 2097 beatus
341 2037 547 2110 Crlsostomus,
565 2051 624 2098 tarn
639 2039 676 2098 de
690 2039 817 2116 presenti
838 2057 927 2116 quam
950 2039 985 2098 de
1007 2039 1111 2112 futuro,
1127 2057 1222 2098 sacer-

186 2155 215 2204 ¹5
224 2146 340 2206 dotibus
354 2145 495 2222 phariseis
509 2156 538 2205 et
553 2146 663 2216 scribis
677 2146 753 2205 Ecce
766 2166 814 2221 ego
835 2148 912 2204 mr'lto
930 2147 972 2203 ad
988 2166 1036 2204 vos
1053 2148 1185 2221 topr'enles
1199 2151 1225 2203 et

223 2254 331 2311 scribas
339 2273 355 2320 ,·
376 2260 403 2312 et
418 2274 459 2313 ex
477 2255 536 2312 rllr's
553 2255 685 2313 occulens.
727 2253 766 2312 Et
785 2255 838 2312 hec
859 2264 902 2311 est
923 2271 1013 2312 causa
1033 2253 1127 2311 tocius
1151 2251 1430 2367 scis-ppelpuggatpe

1264 2340 1277 2367 0
1306 2340 1328 2367 SC
1345 2340 1406 2366 tsmo

223 2361 309 2419 matis
330 2361 451 2419 ecclesie
472 2360 552 2437 quod
573 2360 706 2419 homines
728 2360 814 2419 nimis
839 2359 993 2418 intendunt
1014 2359 1220 2419 tradicionibus
1228 2376 1386 2477 2233&th
1395 2376 1431 2466 {pp

222 2467 346 2543 propriis
358 2477 474 2544 propter
485 2468 607 2538 lucrum,
618 2478 647 2526 et
661 2468 826 2525 diminuunt
839 2466 883 2525 vel
897 2476 1087 2542 persecuntur
1103 2483 1155 2524 eos
1169 2483 1219 2541 qur
1229 2477 1432 2578 gpppgipppdgtppen

224 2572 356 2632 laborant
369 2574 400 2632 iu
414 2573 578 2649 theologica
599 2572 741 2633 facultate.
784 2574 849 2632 Hec
863 2574 941 2631 enim
956 2573 1033 2630 racio
1048 2590 1138 2650 quare
1153 2581 1220 2631 sunt
1229 2577 1336 2629 neotogy.

185 2694 216 2729 20
224 2678 359 2739 homines
372 2698 404 2739 se
421 2680 500 2756 ipsos
521 2689 660 2750 amantes,
675 2682 754 2738 bona
776 2680 913 2739 comunia
936 2690 965 2738 et
987 2679 1102 2738 celestia
1125 2678 1220 2736 deser·

60 2785 180 2848 chrysos
223 2798 313 2845 entes.
357 2785 445 2845 Unde
466 2786 673 2857 Crisostomus,
688 2786 794 2845 omelia
815 2786 839 2843 ia
860 2786 959 2862 operis
980 2785 1139 2861 inperfecti,
1154 2781 1433 2863 (ex-S-Chrsvostoman

60 2859 121 2910 tom,
135 2850 215 2898 Hom.
1229 2845 1294 2885 Matt.
1306 2857 1319 2885 r.
1330 2845 1349 2891 6,
1359 2843 1413 2883 finds

60 2916 133 2966 Mate
145 2915 162 2964 i.
174 2913 198 2963 ⁶,
224 2909 339 2969 ponens
360 2891 397 2951 ad
419 2909 537 2952 sensum
558 2892 703 2950 misticum
720 2890 825 2950 illatth.
851 2904 882 2949 1⁰
902 2890 998 2949 Davi!
1015 2898 1104 2949 autem
1122 2892 1427 3002 Kinm'lfflffilgffff

225 2994 426 3079 Salomon[em]
451 3019 489 3057 ex
513 3018 545 3055 cu
569 3017 619 3073 que
631 2999 702 3074 suit
726 2998 803 3056 Urt'e.
846 2997 976 3058 Salomon
997 2997 1105 3054 aulem³
1123 2997 1221 3072 genuit
1229 2995 1326 3085 33?ng
1327 2993 1418 3084 lssjfissb,

225 3101 374 3183 Rolnam)
396 3115 478 3163 notat
500 3106 598 3180 primo
622 3103 774 3181 quomodo
797 3103 900 3176 David,
917 3122 983 3162 cum
1006 3114 1083 3162 esset
1102 3102 1176 3161 letus
1190 3074 1434 3193 inggffigssffflss

185 3210 343 3277 25excelso
367 3228 422 3269 suo
446 3211 561 3282 solario,
576 3211 724 3287 cupierat⁴
745 3209 896 3280 Betsabee,
918 3219 946 3268 et
961 3208 1060 3268 habuit
1074 3226 1139 3267 earn
1154 3195 1326 3266 cumchffl‘h·

226 3316 320 3376 adhuc
335 3327 411 3376 esset
425 3318 454 3375 in
470 3318 608 3394 coniugio
622 3317 673 3375 viri
689 3317 812 3390 alterius,
834 3317 940 3376 nedum
955 3326 1049 3392 potest
1064 3315 1224 3392 significare

226 3423 409 3500 tropologice
437 3441 537 3482 casum
562 3423 689 3481 hominis
714 3434 831 3500 propter
860 3424 958 3481 ocium
985 3432 1015 3481 et
1043 3421 1224 3480 altitudinem

226 3529 380 3605 dignitatis,
395 3529 513 3588 verum⁶
527 3529 620 3588 eciam
642 3528 794 3605 allegorice
809 3529 904 3605 signat
926 3528 1064 3600 Cristum,
1086 3529 1136 3606 qui
1157 3545 1224 3587 cum

226 3635 301 3695 letus
314 3644 391 3694 esset
405 3635 435 3693 in
450 3635 596 3694 divinitate
611 3653 672 3705 sua,
687 3636 718 3693 in
733 3635 823 3694 nobili
839 3635 966 3693 residens
985 3637 1100 3712 quietus
1115 3637 1145 3693 in
1160 3634 1223 3693 celo

185 3760 280 3821 30suo
306 3742 454 3812 altissimo,
476 3741 546 3800 vidit
569 3741 723 3801 ecclesiam
746 3743 883 3818 gencium
911 3760 1051 3819 sponsam
1076 3742 1181 3801 diaboli
1207 3759 1224 3798 a

227 3847 361 3908 sordibus
381 3848 492 3923 pcccati
507 3867 559 3925 per
572 3859 654 3907 actus
676 3850 770 3907 honos
792 3848 828 3906 de
849 3866 954 3924 genere
975 3866 1007 3906 se
1031 3847 1183 3916 lavantem,
1198 3857 1225 3905 et

227 3966 293 4030 post
308 3954 459 4014 interiecto
481 3955 598 4013 diabolo
618 3957 648 4013 in
662 3966 722 4014 arte
737 3956 855 4032 propria
869 3974 936 4013 cum
951 3955 1073 4014 ecclesia
1088 3954 1224 4030 gencium

228 4044 313 4121 traxit
335 4061 514 4136 coniugium.
557 4061 756 4121 Generaliter⁶
783 4062 899 4120 autem⁷
927 4062 1007 4138 prius
1031 4073 1167 4138 operatur
1195 4063 1225 4118 in

258 4209 332 4273 ¹quc
350 4217 399 4272 pro
420 4209 472 4274 qui,
495 4222 521 4258 n.
621 4206 826 4273 'persequentes
850 4220 875 4256 Λ.
975 4209 1045 4258 ³aut
1063 4217 1113 4272 pro
1135 4216 1224 4258 autem.

224 4286 233 4316 ⁴
256 4287 382 4351 cupiebat,
406 4299 432 4335 Α.
532 4288 542 4316 ³
565 4287 645 4336 Velud
663 4295 714 4351 pro
736 4302 828 4347 verum,
848 4300 874 4334 a.
939 4335 940 4338 ,
972 4287 1176 4350 ‘gencralitatis
1202 4299 1224 4335 u.

224 4367 233 4395 ²
251 4378 294 4417 aut
306 4375 356 4432 pro
373 4376 466 4430 autem,
482 4381 507 4418 Α.

724 4471 738 4511 S
