3030 5212
550 479 600 530 DE
621 479 771 531 OFFICIO
794 478 912 531 REGIS.

231 656 301 715 ager
321 637 436 697 cederet
458 648 600 716 perpetuo
628 638 658 696 in
678 639 896 715 possessionem
916 637 1082 708 sacerdotis
1097 639 1165 715 quia
1184 639 1223 697 sic

228 755 349 822 possent
369 745 535 805 sacerdotes
557 746 587 803 in
608 763 782 822 quacunque
798 746 887 804 tribus
908 745 1067 804 hereditate
1082 764 1134 822 per
1155 763 1222 821 pro·

229 871 345 912 cessum
366 853 506 930 temporis
527 853 666 913 excedere
687 853 765 912 illam
790 854 906 926 tribum,
932 853 1012 930 quod
1037 850 1100 912 est¹
1122 863 1224 912 contra

64 964 140 1013 Dent.
150 965 219 1014 xviii.
229 958 323 1037 legem
338 959 426 1020 Deut.
440 960 508 1018 xviii
528 961 578 1037 ubi
600 959 738 1019 limitatur
758 960 843 1018 tribui
865 958 936 1019 Levi
956 960 1114 1035 possessio.
1156 958 1225 1018 Non
1233 965 1280 1007 The
1289 964 1344 1007 tribe
1352 965 1377 1008 a
1382 964 1435 1007 ma

1233 1017 1296 1058 oould
1304 1024 1341 1058 not
1350 1016 1401 1058 bold

61 1042 124 1144 {30²1
133 1099 187 1146 168
194 1067 371 1146 ⁸stubebant,
400 1068 501 1143 inquit,
532 1069 684 1126 sacerdotes
718 1074 745 1125 et
777 1068 874 1126 Levite
904 1065 918 1098 *
949 1074 976 1126 et
999 1087 1090 1125 ornnes
1117 1069 1171 1143 qui
1195 1067 1421 1159 deffigimffl

227 1175 317 1232 eadent
339 1174 416 1232 tribu
437 1182 506 1232 sunt
521 1182 632 1250 partem
660 1182 686 1232 et
711 1175 886 1233 hereditatem
913 1194 975 1233 cum
1000 1176 1105 1250 reliqua
1123 1168 1400 1261 pvpultffssssss¹,{‘,ssfl¹„‘¹f⁸

228 1279 329 1350 Israel,
357 1282 425 1356 quia
452 1282 598 1358 sacrificia
626 1283 739 1354 domini
766 1288 793 1340 et
817 1282 968 1340 oblaciones
994 1283 1053 1339 eius
1080 1282 1224 1350 comedent,

228 1395 254 1446 et
275 1390 366 1447 nichil
383 1390 465 1446 alind
487 1391 622 1466 accipient
642 1390 673 1447 de
688 1391 856 1465 possessione
865 1390 1002 1466 fratrum
1024 1408 1146 1447 warum.
1188 1387 1226 1446 Et

229 1494 306 1554 idem
331 1495 436 1554 dicitur
460 1493 571 1554 Num.²
599 1499 634 1553 18
663 1507 691 1554 et
716 1497 880 1572 expressius
904 1496 1010 1556 Erech.
1036 1507 1099 1570 44⁰.
1141 1495 1226 1569 Quo·

189 1625 219 1659 ro
228 1603 320 1662 modo
334 1603 441 1678 igitur³
457 1604 599 1679 accipient
620 1604 675 1662 sibi
695 1603 731 1662 de
749 1604 932 1680 possessione
953 1603 1074 1662 aliarum
1089 1604 1225 1674 tribuum,

63 1717 199 1769 Dentxis
228 1727 295 1767 cum
317 1708 459 1768 Deutron.
484 1720 536 1785 19⁰
557 1710 681 1768 dicitur⁴
700 1708 769 1768 Non
790 1728 920 1781 assumes,
946 1718 972 1768 et
993 1711 1147 1786 transferes
1170 1717 1226 1767 ter·

65 1797 103 1847 ¹4¹
228 1818 317 1874 minas
337 1819 538 1893 proximitui
561 1836 628 1893 quos
647 1817 786 1894 fixerunt
800 1819 914 1893 priores
937 1819 967 1874 in
981 1819 1150 1892 possessione
1176 1824 1226 1876 tua

226 1942 310 1999 quarn
333 1924 461 1981 dominus
481 1923 546 1981 detes
566 1930 630 1981 tuus
651 1923 730 1981 dabit
753 1922 808 1980 tibi
830 1924 860 1980 in
884 1929 963 1980 terra
984 1942 1068 1998 quarn
1091 1925 1227 1998 acceperis

62 2042 137 2090 Dent
143 2042 218 2091 xxvii.
221 2030 444 2106 possidendam)
484 2029 522 2088 Et
536 2029 610 2088 inira
627 2045 662 2105 27
678 2030 819 2101 scribitur,
833 2029 1006 2088 Maledictus
1020 2032 1071 2105 qui
1088 2031 1230 2107 transfert

66 2119 103 2168 ¹7’
190 2139 357 2203 15terntinos
371 2139 509 2212 proxenti
527 2139 599 2205 sui,·
629 2146 655 2196 et
674 2139 745 2195 dicet
765 2140 854 2195 omnis
873 2139 1009 2213 populus:
1038 2137 1139 2195 Arnen.
1181 2138 1227 2195 Ex

65 2240 96 2286 ⁰·
229 2244 335 2319 quibus
360 2243 548 2320 probabiliter
571 2244 716 2321 colligitur
743 2243 824 2321 quod
852 2245 943 2303 tribus
970 2243 1041 2303 Levi
1065 2262 1127 2302 non
1151 2245 1228 2304 acei-

227 2360 308 2427 peret
330 2345 468 2430 [etiam]⁶
482 2351 604 2426 sparsim
624 2351 728 2410 domos
742 2350 789 2410 vel
809 2369 897 2427 agros
918 2351 993 2408 ultra
1012 2352 1228 2427 possessionem

228 2457 388 2535 primevam
412 2466 472 2517 tam
497 2458 594 2517 stricte
618 2477 637 2518 a
660 2457 748 2518 Deo⁶
779 2458 952 2528 limitatam
981 2456 1062 2533 quod
1089 2456 1228 2517 recoleret

228 2563 320 2623 clerus
347 2576 447 2624 noster
475 2566 708 2642 possessionatus
742 2565 791 2641 qui
819 2565 908 2623 instar
936 2562 1020 2623 Cristi
1049 2564 1136 2623 debet
1164 2583 1226 2624 esse

188 2691 220 2727 ao
229 2669 336 2730 Levitis
371 2672 533 2748 pauperior.
596 2671 651 2730 Vel
687 2672 772 2747 igitur
806 2680 1011 2730 conseerarunt
1046 2670 1101 2729 alie
1136 2671 1226 2730 tribus
1234 2676 1412 2778 ffifflffi

227 2777 350 2837 domum
375 2778 418 2837 vel
442 2797 545 2855 agrum
569 2777 692 2838 domino
719 2777 910 2837 concedendo
938 2777 976 2836 ad
1001 2796 1116 2837 sacrum
1140 2797 1225 2837 usum
1234 2778 1424 2870 ffiffjffid

227 2884 353 2944 fructum
366 2886 467 2944 talium
487 2885 686 2962 temporalem,
700 2884 780 2962 quod
798 2885 926 2962 positum
941 2896 985 2944 est
998 2886 1028 2942 in
1042 2885 1224 2945 sacerdotum

226 2993 388 3051 custodiam
400 2992 480 3068 quod
492 3011 545 3051 nec
557 2993 636 3052 licuit
649 3010 792 3066 revocare,
808 2993 851 3051 vel
866 2992 945 3052 aliter
957 3004 1125 3052 manserunt
1141 2988 1226 3073 [con-

60 3120 97 3166 43
111 3120 138 3166 a,
227 3110 336 3158 secrata
347 3098 430 3158 huius
441 3099 521 3157 modi
527 3095 550 3180 ⁷]
566 3098 703 3159 *secrete
718 3100 747 3157 in
762 3100 895 3158 custodia
905 3099 1074 3160 vovencium
1088 3101 1228 3159 fructibus

188 3238 217 3287 ²5
227 3224 328 3265 eorum
343 3207 433 3265 sacris
448 3207 547 3265 usibus
561 3205 737 3283 deputandis
744 3226 753 3279 ;
775 3216 804 3265 et
825 3206 896 3265 illud
910 3215 955 3265 est
969 3206 1039 3264 mihi
1053 3207 1227 3279 evidencius

227 3331 295 3371 cum
316 3313 370 3372 alie
393 3313 484 3372 tribus
504 3324 625 3390 possunt
647 3332 789 3391 personas
811 3332 879 3373 suas
901 3314 1022 3374 domino
1045 3333 1225 3388 consecrare,

226 3421 320 3480 multo
343 3421 436 3497 magis
460 3423 661 3496 possessiones
683 3430 777 3498 preter
797 3422 981 3480 necessarias.
1025 3420 1089 3480 Nec
1107 3433 1151 3480 est
1170 3421 1416 3492 hocmepnctroea

1235 3482 1300 3523 Tobtt
1309 3482 1379 3524 shows
1391 3482 1440 3524 that

61 3528 379 3595 Tobiti.6.7.Levitico⁸
414 3529 466 3585 iuri
502 3529 687 3601 contrarium,
717 3547 785 3587 cum
820 3528 856 3588 de
885 3528 1003 3587 Thobia
1033 3529 1082 3606 qui
1110 3529 1162 3587 suit
1190 3529 1226 3588 de
1235 3532 1439 3625 diffidi?

227 3635 303 3694 tribu
332 3634 480 3711 Neptalim
509 3646 561 3694 ca⁰
592 3646 623 3692 1⁰
651 3635 714 3694 libri
743 3635 786 3694 sui
813 3635 916 3712 legitur
944 3635 1024 3712 quod
1052 3636 1105 3695 suit
1132 3632 1430 3737 amnraffiffljgork‘i‘

188 3744 375 3818 30prirm'tiva
402 3761 455 3800 sua
482 3749 508 3800 et
533 3744 652 3800 detentas
672 3742 797 3819 fideliter
817 3743 943 3821 efferens,
965 3743 1004 3802 ita
1027 3743 1108 3819 quod
1135 3743 1166 3802 in
1195 3713 1439 3838 affilffiffld‘igfflssd

227 3867 307 3909 anno
322 3849 466 3925 proselitis
480 3859 510 3908 et
524 3850 643 3909 advenis
657 3850 832 3908 ministraret
850 3868 969 3908 omnem
988 3849 1227 3910 decimacionem.
1236 3845 1260 3878 ²⁰
1272 3845 1388 3887 suanam.

227 3957 306 4017 Ecce
329 3957 409 4034 quod
432 3957 510 4017 licuit
533 3957 595 4016 aliis
618 3958 741 4016 tributus
762 3956 882 4033 quando
899 3958 989 4016 tribus
1009 3955 1080 4016 Levi
1097 3975 1158 4016 non
1175 3957 1229 4016 suit

229 4065 366 4124 onerata⁰
385 4065 462 4125 circa
489 4065 646 4123 ministeria
673 4064 816 4141 primitiva
843 4064 911 4123 dare
933 4062 1063 4123 decimas
1089 4075 1118 4123 et
1149 4063 1229 4123 obla·

1234 2888 1257 2921 to
1266 2880 1339 2921 sacred
1348 2893 1396 2931 pur·

1233 2942 1302 2981 posen.

262 4221 268 4249 ¹
286 4237 332 4270 am.
349 4229 395 4277 est.
407 4234 435 4272 A.
533 4220 543 4247 ¹
559 4219 664 4270 Levitid
675 4227 726 4284 pra
742 4219 828 4278 Num..
846 4231 870 4270 Β.
969 4217 1032 4269 ’ibi
1043 4225 1093 4284 pro
1108 4220 1191 4284 igitur,
1203 4232 1230 4270 A.

227 4299 404 4351 'scribiturtn
446 4298 536 4349 “carn
548 4299 671 4363 Eddpro
682 4305 743 4358 tam,
754 4309 781 4359 A,
792 4309 816 4346 Β.
857 4297 1024 4349 ‘dominon
1064 4295 1231 4348 ⁷carr.Edd.

222 4384 272 4442 pra
283 4385 377 4429 secrete
389 4377 468 4440 hujus,
480 4391 506 4438 A,
521 4390 544 4430 n.
622 4375 631 4404 ⁸
648 4376 828 4440 Inviticejure
841 4390 867 4426 A.
949 4375 960 4406 ⁹
976 4384 1104 4429 oneratum
1121 4377 1192 4438 ciue,
1204 4390 1231 4426 A.

720 4480 736 4520 1·
