3030 5212
573 475 623 525 DE
646 473 792 526 OFFICIO
815 473 935 525 REGIS.

261 631 406 705 cacionis,'
421 633 449 693 A
466 634 551 694 nobit.
592 634 674 711 Ergo
691 653 709 692 a
725 634 788 713 pari
808 633 865 694 boc
886 632 1066 710 contingeret
1086 632 1117 690 in
1137 633 1257 710 quibus·

260 759 385 819 cumque
400 742 550 820 inquibus
564 761 626 801 nou
640 742 808 801 inniteretur
818 740 981 799 auctoritati
991 740 1137 817 scripture.
1181 739 1258 798 Cum

260 849 340 907 enim
362 866 423 907 non
447 849 483 907 sit
506 867 558 926 per
581 867 612 907 se
635 847 779 908 credibilis
797 857 912 925 oportet
932 847 1000 906 dare
1020 845 1137 924 aliquod
1156 845 1259 904 funda·

260 966 392 1014 mentum
415 956 461 1014 cui
482 955 633 1014 innitendo
657 955 761 1015 debeat
784 955 864 1014 credi
892 954 955 1014 sibi.
1000 953 1058 1013 Sed
1080 952 1191 1012 nullum
1216 964 1260 1012 est

237 1062 392 1127 sdandum
415 1063 470 1122 nisi
492 1062 577 1122 fuerit
589 1063 635 1121 lex
658 1062 804 1138 magistri;
827 1062 908 1120 aliter
921 1062 1001 1120 enim
1022 1081 1058 1120 ex
1075 1060 1259 1121 confessione

261 1171 379 1246 propria
393 1187 454 1228 non
468 1169 632 1228 crederetur
651 1168 706 1227 sibi
720 1169 751 1227 in
764 1169 871 1246 aliquo.
915 1167 1050 1228 Secundo
1071 1168 1258 1228 confirmatur
1265 1174 1296 1225 (τ)
1303 1173 1369 1225 Para!
1378 1174 1434 1216 bults

1265 1234 1346 1266 arenot
1353 1225 1410 1266 robe

96 1285 253 1333 uolasse.
262 1295 299 1334 ex
310 1275 365 1335 hoc
376 1275 456 1353 quod
466 1285 582 1334 nonest
595 1294 647 1353 per
661 1294 692 1335 se
706 1275 886 1335 credendum
895 1275 980 1335 bullis
990 1276 1143 1353 papalibus
1155 1273 1180 1348 *,
1191 1275 1469 1377 cumggcggtgfhgptpeir

263 1392 330 1442 tunc
345 1393 442 1442 essent
460 1382 572 1441 articuli
595 1382 662 1441 fidei
685 1383 770 1441 nimis
793 1392 947 1441 onerantes
968 1383 1130 1454 ecclesiam,
1145 1393 1174 1441 et
1197 1377 1387 1469 nonfflffn‘ilgfg
1395 1378 1468 1469 {fuld

262 1490 303 1549 sic
323 1508 375 1566 per
399 1507 516 1566 papam
528 1499 556 1548 et
578 1488 650 1548 alios
672 1490 789 1549 cottidie
810 1489 967 1549 adversare.
1009 1489 1086 1549 Cum
1109 1489 1194 1565 igitur
1213 1478 1455 1580 illeissslsslgfflgrlg‘

142 1597 145 1603 ’
224 1611 254 1646 10
262 1598 319 1656 sint
341 1597 419 1675 paris
441 1597 618 1656 auctoritatis
641 1615 708 1656 cum
731 1597 794 1656 aliis
816 1598 877 1657 suis
896 1597 1033 1675 epistulis,
1049 1596 1159 1655 videtur
1177 1595 1258 1673 quod
1266 1580 1470 1682 {ffiffslgffff

261 1705 447 1782 adiungenda
469 1714 513 1764 est
534 1703 589 1763 alia
612 1705 752 1781 probacio
776 1715 809 1763 ut
831 1704 1026 1764 indubitanter
1049 1704 1182 1763 credatur
1204 1704 1259 1761 illis
1268 1690 1322 1723 ‘¹¹¹⁸‘

262 1831 352 1890 quam
365 1812 477 1871 nudum
497 1812 593 1871 dicere
610 1812 790 1889 presidentis.
832 1810 903 1871 Non
924 1812 1003 1871 enim
1024 1810 1112 1870 habet
1132 1810 1261 1870 colorem

263 1918 344 1996 quod
361 1919 439 1977 curia
453 1919 501 1977 illa
515 1920 667 1978 necessitet
681 1919 832 1978 hominem
846 1917 883 1976 ad
898 1917 1077 1978 credendum
1098 1916 1202 1976 falsum
1216 1918 1261 1976 vel

263 2025 473 2096 mentiendum,
501 2026 570 2102 quia
605 2027 647 2085 sic
682 2026 712 2085 in
746 2044 817 2086 casu
844 2034 961 2102 cogeret
996 2025 1033 2084 ad
1069 2024 1260 2102 peccandum.

224 2141 253 2192 ¹5
263 2131 385 2209 Oportet
400 2132 485 2208 igitur
499 2133 580 2192 inniti
595 2133 680 2192 alicui
694 2133 836 2210 principio
857 2132 1040 2194 confirmanti
1060 2132 1165 2191 iudicia
1185 2131 1262 2190 dicta

262 2249 290 2297 et
311 2239 388 2298 facta
408 2239 533 2317 papalia,
552 2258 621 2298 cum
642 2259 694 2317 per
714 2259 745 2299 se
765 2258 826 2299 non
850 2239 1004 2299 sufficiunt.
1046 2238 1110 2299 Nec
1131 2248 1262 2316 superest

263 2346 340 2405 aliud
354 2366 443 2424 quam
457 2346 608 2424 speculum
623 2348 835 2424 scripturarum.
879 2347 982 2407 Petrus
1003 2347 1081 2406 enirn
1101 2347 1213 2418 erravit,
1229 2355 1260 2404 ut
1268 2358 1339 2418 (unq
1349 2357 1412 2399 rerer
1427 2370 1471 2398 was

99 2457 158 2507 Gal.
171 2458 197 2507 ti.
212 2467 234 2521 7.
263 2464 342 2530 patet
356 2453 450 2512 Galla.
464 2464 504 2525 2⁰,
515 2464 544 2513 et
558 2454 650 2513 multo
664 2454 757 2532 magis
767 2455 910 2532 contingit
923 2465 1040 2514 nostros
1054 2472 1150 2513 errare
1165 2454 1215 2531 qui
1230 2453 1260 2510 in
1269 2422 1322 2451 ω
1331 2422 1352 2450 m
1361 2408 1435 2458 m)

264 2560 346 2618 dictis
371 2570 400 2619 et
425 2558 506 2619 factis
531 2571 682 2620 tantuma
706 2561 812 2621 sanctis
833 2562 1006 2639 discrepant.
1048 2560 1113 2620 Nec
1141 2559 1262 2619 dubium

224 2692 255 2727 ao
264 2667 335 2744 quin
349 2665 501 2726 blasfemia
514 2667 588 2726 foret
602 2668 743 2727 instruere
757 2669 924 2728 cristicollas
939 2678 970 2726 ut
984 2668 1128 2747 quidquid
1142 2668 1261 2727 fecerint

263 2773 307 2832 vel
335 2774 459 2833 dixerint
485 2775 605 2833 credant
632 2774 713 2851 quod
743 2775 780 2834 sit
807 2775 971 2835 faciendum
999 2775 1177 2835 catholicum
1204 2776 1262 2834 sive

264 2900 371 2941 verum.
428 2881 487 2940 Sed
514 2883 609 2941 maior
636 2882 709 2941 foret
737 2882 887 2942 blasfemia
916 2884 1031 2960 exigere
1060 2883 1262 2942 obedienciam

100 2997 133 3045 G.
263 2989 410 3048 credendo
432 2987 616 3048 defendendo
639 2989 684 3047 vel
708 2989 882 3068 exequendo
904 2990 1016 3049 falsum.
1060 2990 1167 3050 Tercio
1188 2988 1462 3050 con-(³l¹f²¹¹0¹'⁰1>eis

1266 3041 1291 3082 of
1293 3041 1357 3091 equal
1363 3040 1473 3092 authority

263 3096 393 3155 firmatur
406 3116 443 3156 ex
458 3096 515 3155 hoc
530 3095 647 3174 quodsi
662 3107 729 3155 sunt
743 3097 820 3174 paris
836 3099 1012 3158 auctoritatis
1032 3117 1099 3158 cum
1121 3098 1260 3176 apostolis
1269 3091 1472 3193 ssghtffjssgfgssss

224 3229 254 3280 ²5
263 3212 292 3262 et
319 3204 460 3280 scripture
487 3221 568 3263 sacre
596 3203 770 3275 auctoribus,
798 3222 867 3265 curn
899 3216 1032 3282 possunt,
1061 3216 1093 3265 ut
1127 3207 1261 3283 inquiunt
1270 3192 1458 3303 {fflffiffiffi

263 3310 432 3369 seductores
459 3329 569 3382 eorum,
592 3311 762 3387 scripturam
790 3328 902 3371 sacram
930 3313 1074 3390 corrigere
1101 3324 1131 3374 et
1159 3324 1260 3374 contra
1270 3293 1429 3396 ffiffiffl}

264 3417 429 3495 apostolum
456 3435 490 3477 ac
514 3417 667 3477 dominum
694 3418 870 3495 dispensare,
894 3418 1006 3478 videtur
1033 3420 1113 3497 quod
1140 3395 1473 3488 fluctuatl'rffi‘l‘fflffll

264 3526 402 3602 scripture
417 3543 498 3584 sacre
512 3526 675 3597 auctoritas,
686 3544 754 3584 cum
767 3527 823 3603 ipsi
837 3536 898 3584 tarn
912 3526 1027 3604 fragiles
1041 3528 1156 3604 possint
1166 3529 1261 3605 ipsam
1270 3495 1400 3538 mnudi*

266 3642 293 3692 et
307 3633 368 3691 eius
382 3649 501 3691 sensum
522 3642 684 3709 pervertere
694 3632 712 3706 ¹,
728 3641 757 3692 et
779 3643 849 3692 tunc
871 3633 989 3692 indubie
1010 3644 1077 3693 sunt
1100 3635 1264 3712 superiores

225 3775 258 3823 30
267 3740 387 3799 ecclesia
401 3741 604 3816 triumphante,
616 3741 689 3799 sicut
703 3750 791 3817 caput
804 3758 905 3800 eorum
919 3741 1065 3801 extollitur
1078 3760 1164 3820 super
1175 3761 1265 3803 omne

266 3846 347 3922 quod
372 3847 473 3906 dicitur
496 3846 576 3907 deus.
618 3847 708 3907 istam
733 3848 914 3906 sentenciam
939 3847 1025 3909 debet
1053 3849 1145 3909 fidelis
1170 3849 1265 3910 dicere

268 3952 437 4012 obedienter
465 3967 625 4013 reverenter
652 3964 681 4012 et
708 3952 869 4013 ferventer¹
888 3972 1009 4014 romane
1037 3956 1168 4028 ecclesie,
1196 3958 1265 4034 quia

267 4070 381 4119 tantum
403 4060 538 4120 dicuntur
559 4071 673 4138 satrape
696 4062 759 4121 eius
773 4063 803 4120 in
816 4061 999 4121 blasfemiam
1020 4064 1162 4141 provoluti
1184 4065 1265 4142 quod

268 4168 436 4246 ignorantes
460 4168 555 4245 legem
578 4167 761 4245 fragilitatem
783 4181 812 4231 et
833 4170 947 4249 lapsum
975 4173 1126 4250 proprium
1151 4182 1265 4234 contra·

227 4277 369 4358 35dicunt
391 4276 524 4335 maniace
548 4276 601 4334 sibi
623 4277 692 4353 ipsis
713 4287 743 4336 et
763 4277 820 4356 legi
845 4278 965 4348 domini,
980 4280 1106 4356 perdunt
1126 4279 1266 4358 plurimos

339 4403 347 4431 ¹
365 4404 502 4452 subvertere
513 4409 561 4465 pro
577 4410 719 4467 pervertere,
731 4414 756 4451 u.
821 4401 831 4431 ¹
848 4403 953 4455 formiter
964 4411 1012 4469 pro
1029 4404 1153 4466 ferventer,
1168 4418 1193 4455 Α.
