3030 5212
573 500 622 549 DE
646 499 793 550 OFFICIO
816 498 933 549 REGIS.
1410 501 1472 568 233

260 659 412 719 cacionem
428 659 595 730 humanam,
613 676 681 716 cum
701 658 736 716 sit
757 656 902 715 infinitum
923 655 1035 715 facilior
1054 666 1083 715 et
1103 658 1255 733 parvipen·
1267 676 1474 769 muqlcqtionswim

1198 763 1203 775 .
1270 743 1298 770 no
1322 743 1378 771 tvtne
1389 742 1473 771 excom·

260 766 356 826 denda
378 765 433 823 nisi
456 764 493 823 de
515 773 626 840 quanto
649 763 920 823 excomunicacioni
943 763 1038 822 divine
1062 764 1465 920 substemrtur,pppetrcssqppmem

1467 859 1472 880 .

261 872 407 933 satisfacto
433 872 489 930 deo
513 870 683 946 contempni
712 869 799 928 debet
825 869 930 928 iniuste
958 870 1199 941 excomunicans,
1225 870 1262 929 de
1271 880 1326 972 ἓξὲξ,
1327 880 1396 972 vshepqv
1393 880 1446 971 ᾖξε

261 988 371 1058 quanto
386 989 446 1038 tam
460 977 645 1055 peccabiliter
659 986 688 1035 et
702 976 779 1035 fatue
793 976 999 1035 excomunicat
1016 977 1215 1053 semetipsum,
1233 986 1261 1034 et
1269 981 1459 1073 ffifflffiffiss„

237 1083 377 1152 stamen¹
392 1084 473 1160 diligi
489 1084 575 1143 debet
589 1068 693 1142 natura
707 1093 735 1142 et
750 1082 840 1142 doleri
856 1083 935 1160 quod
951 1093 1091 1159 aggravat
1106 1096 1260 1161 peccatum
1269 1082 1449 1173 maneum

261 1191 411 1270 proprium
446 1192 619 1268 peccuniam
653 1190 867 1250 excomunicati
907 1190 1012 1248 siciens
1052 1200 1112 1248 tam
1147 1191 1261 1250 dolose.

260 1297 383 1357 Videtur
410 1297 490 1375 quod
519 1297 606 1358 debet
639 1294 827 1355 sufferendo²
854 1307 1120 1374 quantamcumque
1152 1316 1260 1375 penam
1270 1306 1437 1400 mappae?

260 1423 379 1464 manere
393 1406 423 1462 in
443 1405 491 1464 tali
515 1403 792 1464 excomunicacione
816 1422 877 1462 non
901 1403 1053 1463 reddendo
1077 1405 1131 1463 sibi
1156 1409 1457 1507 peccu·g,¹,ss,¹},⁸,[¹,¹,¹,g,}„,

262 1512 349 1583 niam,
373 1513 442 1590 quia
467 1511 549 1570 aliter
570 1511 712 1569 videretur
737 1519 858 1585 peccato
881 1509 918 1568 illi
944 1512 1137 1570 consenciens
1158 1511 1261 1571 timore
1271 1509 1368 1601 {mg
1374 1523 1461 1602 mitt

222 1633 253 1668 10
261 1638 345 1695 pene,
373 1630 401 1677 et
428 1635 541 1694 angens
569 1617 647 1675 sitim
682 1617 804 1675 avaricie
840 1617 993 1676 exactoris.
1050 1616 1127 1676 Cum
1162 1610 1342 1676 autem⁸⁰³³v

261 1725 365 1784 sufficit
387 1724 425 1782 ad
447 1724 570 1783 salutem
592 1722 728 1782 credere³
742 1723 773 1780 in
795 1722 947 1782 dominum
963 1723 1063 1782 lesum
1081 1723 1216 1795 Cristum,
1233 1735 1262 1782 et

260 1831 410 1891 absolucio
446 1829 548 1888 frivola
576 1840 619 1888 est
647 1839 802 1906 peccatum
837 1828 1036 1906 duplicitatem
1071 1830 1260 1906 sophisticam
1301 1898 1310 1907 ¹

261 1937 411 2009 inducens,
426 1936 512 1996 etsie
527 1954 639 1995 nocens
654 1935 829 2012 simpliciter,
845 1936 875 1992 in
890 1935 996 1994 talibus
1015 1938 1133 1994 tamen⁴
1148 1947 1263 2012 oportet

261 2061 362 2103 cavere
390 2041 471 2119 quod
495 2043 734 2102 excomunicatus
762 2041 868 2101 habeat
902 2052 1011 2101 rectam
1046 2043 1262 2102 conscienciam

223 2165 321 2227 15quo
339 2149 377 2208 ad
394 2149 490 2221 deum,
511 2167 571 2209 non
591 2149 717 2207 innitens
731 2167 782 2207 sue
796 2148 955 2225 prudencie
972 2150 1106 2208 cavendo
1123 2150 1259 2226 precipue

260 2259 298 2316 ab
313 2259 367 2316 ista
388 2255 539 2315 blasfemia
559 2254 767 2331 pseudocristi:
789 2254 895 2332 ‘Ipset
915 2257 1036 2332 precipit
1057 2255 1112 2317 hoc
1133 2257 1194 2316 fieri
1214 2257 1260 2314 vel

260 2365 462 2423 excomunicat
490 2361 685 2422 rebellantem.
726 2361 808 2438 Ergo
831 2361 889 2421 hoc
916 2372 960 2421 est
987 2363 1161 2422 racionabile
1183 2372 1262 2446 ,aput

260 2469 358 2528 Deum
368 2470 396 2528 ⁸.’
444 2469 601 2546 Speculum
616 2477 712 2527 autem
727 2469 926 2545 cognoscendi
940 2469 1088 2527 veritatem
1107 2468 1261 2529 voluntatis

261 2577 357 2636 divine
372 2588 414 2636 est
428 2576 581 2635 instinctus
594 2595 631 2634 ex
645 2576 726 2634 bono
741 2593 829 2652 opere
844 2585 873 2634 et
887 2592 991 2634 sensus
1012 2575 1160 2652 scripture,
1174 2585 1204 2634 et
1218 2575 1261 2634 sic

223 2684 486 2744 roexcomunicato
510 2701 571 2742 non
593 2682 631 2741 ad
650 2682 810 2741 humanum
833 2681 884 2741 sed
904 2681 1033 2740 divinum
1054 2680 1197 2757 refugium
1218 2692 1263 2741 est

263 2791 447 2861 currendum,
462 2789 517 2848 nisi
532 2788 605 2849 sorte
620 2797 651 2847 ut
665 2788 756 2847 homo
771 2789 847 2847 iuvet
861 2788 996 2848 oracione
1010 2788 1054 2847 vel
1074 2789 1263 2848 absolucionc

262 2896 474 2967 sacramentali,
498 2914 560 2954 non
585 2895 652 2954 dico
675 2904 811 2972 oportere
835 2897 874 2953 ab
895 2896 1147 2966 excomunicante,
1171 2895 1265 2955 seda

262 3003 392 3082 quolibet
420 3003 578 3062 sacerdote.
636 3001 674 3060 Et
702 3010 781 3078 patet
815 3019 904 3078 quam
932 3001 1118 3078 impossibilis
1144 3013 1188 3060 est
1215 3001 1265 3060 illa
1273 3003 1465 3107 gssffiffln„

262 3111 516 3190 pseudocristiana
538 3107 688 3168 blasfemia
708 3108 785 3184 quia,
802 3118 869 3186 post
890 3109 1122 3168 reservacionem
1146 3105 1461 3208 absolu-gffgffitgsrgissss

224 3250 253 3301 ²5
263 3218 356 3278 cionis
369 3217 589 3287 infundabilem,
610 3226 643 3274 ut
663 3214 711 3274 lex
725 3216 866 3285 statuitur,
881 3215 960 3293 quod
980 3216 1146 3294 quicunque
1163 3216 1194 3275 in
1213 3235 1264 3276 ex·
1272 3206 1468 3298 ξζᾞῗξζξῖζξξ,

263 3325 523 3385 comunimcione⁷
541 3322 729 3382 celebraverit
743 3341 780 3382 eo
794 3323 858 3400 ipso
878 3321 1040 3398 irregularis
1054 3334 1082 3381 et
1096 3307 1476 3398 excomuni-fflgfgfgssg

263 3432 428 3492 carissimus
450 3440 610 3489 censeatur.
652 3427 775 3500 Cristus,
794 3429 924 3506 inquam,
950 3446 1012 3488 non
1036 3429 1189 3489 reservavit
1209 3430 1264 3488 sibi
1274 3408 1451 3517 ffwffiess'

262 3538 482 3598 absolucionem
505 3536 601 3608 talem,
617 3554 673 3596 nec
694 3536 789 3595 sciunt
810 3553 899 3612 quare
921 3536 1022 3611 pocius
1036 3536 1067 3593 in
1080 3536 1183 3595 mortis
1197 3508 1460 3609 arti-fflieiffiuibeufu'

171 3698 177 3711 .
263 3645 331 3706 culo
351 3643 504 3722 quilibet*
524 3642 663 3702 sacerdos
686 3642 774 3702 habet
794 3640 960 3719 potenciam
982 3641 1153 3701 absolvendi
1175 3659 1265 3719 quam
1273 3608 1475 3750 ffifflfpzuy

223 3779 255 3830 30
263 3771 314 3828 per
337 3761 415 3811 ante.
457 3749 496 3809 Et
521 3750 626 3809 iterum
651 3749 892 3809 excomunicatus
916 3767 953 3807 ex
981 3748 1166 3809 confessione
1194 3748 1266 3825 legis
1275 3756 1474 3852 wpdexcommunr-

264 3858 381 3936 proprie
408 3868 452 3916 est
479 3876 516 3916 ex
545 3857 587 3915 eis
612 3856 703 3916 dubio
725 3856 857 3916 sanccior
881 3872 972 3931 quam
997 3873 1049 3931 per
1071 3865 1138 3914 ante
1162 3864 1191 3914 et
1215 3824 1301 3932 pera

264 3982 448 4041 consequens
480 3962 667 4022 temerarium
702 3961 775 4022 foret
808 3971 870 4020 tam
905 3972 1040 4020 sanctum
1075 3961 1266 4019 ministerium

265 4072 492 4149 condempnare.
532 4070 571 4128 Et
586 4069 634 4129 hic
649 4068 782 4128 dubitant
803 4068 891 4146 logici
906 4065 1011 4126 Utrum
1026 4085 1102 4143 papa
1116 4077 1213 4144 potest
1226 4067 1476 4178 itagpfflqippsw

297 4245 380 4294 ¹cum
397 4251 447 4308 pro
463 4249 555 4306 tamen,
568 4254 592 4294 Β.
676 4239 891 4302 'sufferentenin
908 4254 987 4303 marg.
1000 4251 1024 4289 a.
1107 4239 1266 4297 'cederem

264 4322 347 4371 ⁴cum
360 4329 410 4385 pro
421 4328 511 4379 tamen,
523 4334 547 4373 Β.
623 4320 769 4384 'ipsam
782 4330 808 4369 Α.
881 4319 1059 4378 ‘Deum,om.
1072 4330 1098 4368 Α.
1171 4315 1266 4367 'com-

263 4399 441 4461 municacione,
457 4411 483 4448 Α.
