3030 5212
591 466 640 515 DE
664 465 810 516 OFFICIO
834 464 949 516 REGIS.

271 629 309 689 Et
327 628 411 705 ponit
430 623 597 701 exemplum
616 623 653 682 de
671 625 798 683 vestibus
818 641 875 700 que
893 623 999 681 debent
1013 640 1077 682 esse
1091 625 1120 680 in
1135 624 1266 698 personis

271 735 477 811 superioribus
493 742 524 789 ut
539 731 768 807 Imperatoribus
782 748 816 787 ac
833 729 1029 800 Senatoribus,
1045 729 1222 802 mundiores,
1238 740 1267 788 et

271 838 533 914 correspondenter
547 837 576 893 in
588 836 725 893 ministris
733 852 833 894 eorum
845 835 951 893 debent
961 855 1024 893 esse
1036 847 1153 894 ornatus
1165 853 1268 894 secun·

272 946 341 1004 dum
356 943 474 1002 ordines
487 941 656 1018 pulcriores.
697 939 770 1010 822¹,
781 941 883 1016 inquit,
896 941 1042 999 Anlr'stites
1056 943 1100 998 dei
1111 942 1204 998 debent
1214 961 1269 999 esre

247 1061 261 1111 ⁵
265 1051 396 1127 puriores
413 1067 496 1122 quam
517 1050 604 1117 ceterr',
620 1047 689 1122 quia
710 1045 804 1104 Cristi
817 1048 898 1104 habet
908 1057 1067 1121 personam,
1081 1055 1107 1105 ct
1126 1049 1269 1106 minsitros

272 1158 317 1215 dei
335 1156 493 1213 mundiores
513 1172 566 1210 esre
585 1158 692 1228 oportet.
735 1151 815 1211 Deus
837 1165 943 1224 autem,
963 1154 1011 1228 qui
1031 1153 1080 1211 lux
1102 1165 1130 1212 et
1151 1154 1268 1229 spiritus

272 1274 323 1334 est,
342 1262 490 1318 ministros
513 1260 632 1336 requirit
656 1259 721 1335 plus
744 1259 911 1335 splendidos
935 1259 965 1316 in
990 1260 1089 1335 spiritu
1110 1272 1138 1318 et
1157 1261 1267 1319 virtute

273 1369 350 1430 Nam
366 1367 471 1426 terreni
486 1366 621 1425 homines
635 1384 704 1441 sepe
719 1365 784 1440 plus
798 1376 938 1442 appetunt
956 1366 1146 1426 ministerium
1162 1387 1268 1443 pecca·

272 1487 369 1535 torum
396 1490 486 1549 quam
513 1472 714 1541 virtuosorum,
739 1471 790 1529 sed
817 1471 889 1529 deus
917 1475 1047 1548 quamvis
1071 1493 1089 1531 a
1114 1476 1269 1533 tenebratis

235 1590 393 1659 ropeccato
407 1579 523 1655 requirit
540 1578 719 1636 ministerum
734 1578 875 1653 paciendi,
890 1589 989 1636 tamen
1003 1580 1086 1638 accio
1106 1599 1208 1640 eorum
1222 1592 1267 1640 est

274 1688 329 1747 deo
363 1684 585 1745 abhominabilis
620 1702 672 1758 pro
707 1695 835 1759 peccato.
888 1684 923 1741 ln
952 1685 997 1743 via
1025 1696 1121 1744 autem
1150 1687 1269 1763 requirit

273 1793 420 1854 ministros
445 1790 572 1849 mundos
600 1801 750 1866 tamquam
778 1790 898 1849 lucerna
923 1791 1026 1850 ardens
1050 1803 1079 1850 et
1102 1793 1211 1866 lucens,
1237 1807 1270 1854 ut

274 1900 384 1960 Cristus
399 1898 499 1956 asserit
510 1896 545 1954 de
556 1895 689 1971 baptista,
703 1897 771 1972 quia
781 1906 893 1971 oportet
904 1895 984 1973 quod
996 1897 1100 1957 habeat
1109 1900 1270 1959 secundum

272 2005 395 2082 gradum
420 2021 505 2062 suum
533 2003 679 2060 caritatem
704 2013 733 2060 et
757 2003 885 2078 graciam
913 2003 979 2061 licet
1006 2005 1206 2064 remissibilem
1232 2009 1270 2066 ab

233 2112 436 2183 rsextrinseco
463 2108 649 2166 venientem².
692 2107 728 2166 ln
755 2109 848 2183 patria
874 2127 952 2179 vero,
981 2110 1031 2167 ubi
1056 2113 1188 2171 membra
1216 2132 1269 2173 sua

274 2217 377 2275 uniens
392 2214 577 2290 corporaliter
591 2224 619 2271 et
633 2213 859 2289 inseparabiliter
872 2214 914 2272 eis
928 2214 1060 2286 illabitur,
1073 2216 1160 2276 habet
1175 2220 1272 2279 bonos

273 2323 402 2382 lucentes
422 2331 453 2379 ut
472 2319 569 2379 stellas
589 2319 619 2376 in
640 2319 699 2378 suis
720 2319 866 2394 gradibus,
888 2320 939 2378 sed
958 2319 1165 2382 humanitatem
1187 2324 1274 2384 Cristi

273 2439 304 2488 ut
319 2427 412 2486 solem
430 2426 468 2484 de
490 2426 571 2484 cuius
592 2424 664 2484 lucis
685 2424 862 2500 plenitudine
884 2427 983 2484 omnia
1003 2429 1136 2487 membra
1153 2431 1272 2491 ecclesie

106 2530 145 2580 Κ·
272 2533 458 2610 splendorem
478 2531 586 2589 virtutis
607 2530 760 2606 accipiunt.
802 2530 840 2589 Et
854 2531 928 2602 ideo,
943 2543 975 2589 ut
989 2531 1048 2589 dixi
1063 2533 1141 2604 alias,
1157 2536 1180 2594 si
1194 2555 1272 2613 papa

232 2658 265 2697 ao
273 2639 408 2698 vendicat
421 2655 484 2696 esse
499 2636 542 2695 sol
556 2636 678 2694 ecclesie
699 2646 813 2712 oportet
828 2636 907 2713 quod
920 2636 1004 2696 saciat
1021 2641 1272 2715 proporcionabile

273 2746 344 2804 solis
363 2745 500 2812 officium,
518 2743 718 2802 conversando
738 2743 844 2802 scilicet
859 2743 889 2802 in
903 2744 1064 2816 celestibus,
1079 2750 1272 2822 preservando

273 2871 304 2911 se
319 2852 358 2910 ab
377 2849 548 2910 inmixtione
568 2866 635 2908 cum
657 2849 845 2920 terrestribus,
861 2850 1094 2911 circumrotando
1113 2853 1143 2911 in
1164 2854 1273 2915 circulo

274 2974 357 3032 spere
380 2953 561 3031 intelligibilis
587 2963 615 3012 et
638 2954 829 3012 illuminando
854 2973 888 3013 ac
912 2956 1085 3016 vivificando
1108 2961 1273 3035 subiectos3

274 3063 345 3140 quia
359 3061 421 3120 sole
436 3061 483 3120 illo
501 3061 667 3126 obscurato.
681 3061 794 3119 ociante
808 3059 853 3118 vel
868 3060 1010 3120 dislocato
1027 3062 1197 3142 deturpatur
1211 3068 1274 3127 eius

234 3183 265 3234 ²5
276 3167 402 3244 dignitas
415 3177 443 3225 et
457 3166 512 3224 sibi
526 3165 675 3224 inserenda
686 3177 729 3224 est
743 3167 835 3225 irrisio
850 3177 999 3244 tamquam
1013 3181 1154 3230 monstro.
1176 3170 1273 3243 Unde,
1285 3180 1409 3232 Hovsmt
1418 3180 1462 3224 nn

1283 3231 1437 3283 blamevrorthy

275 3286 307 3333 ut
327 3274 418 3349 tetigi,
438 3290 547 3348 magna
565 3283 593 3330 et
612 3271 763 3347 culpabilis
787 3284 830 3331 est
854 3274 962 3331 cecitas
985 3276 1202 3336 mundanorum
1224 3281 1450 3374 quiqqffdffgevi'qo

276 3378 472 3457 principaliter
492 3387 616 3454 querunt
638 3377 674 3436 de
695 3378 801 3437 clerico
823 3390 966 3453 quantum
986 3391 1082 3457 potest
1102 3384 1276 3460 expendere,
1285 3384 1401 3485 iiiiii&
1400 3384 1470 3477 pm

275 3502 367 3561 quam
382 3482 532 3559 splendide
546 3482 592 3540 vel
607 3494 777 3559 sumptuose
797 3483 960 3560 disponitur
978 3485 1008 3543 in
1030 3505 1155 3562 persona
1169 3508 1230 3563 sua,
1245 3493 1275 3550 in
1284 3485 1466 3588 ξξάζζζῖξξή

276 3589 367 3649 domo
392 3589 451 3649 sive
475 3588 590 3657 familia,
610 3597 637 3646 et
662 3589 823 3648 secundum
847 3590 926 3647 illam
950 3595 1216 3653 monstruositatem
1242 3589 1363 3657 acoe¹¹⁰⁸¹

113 3703 268 3753 reluat).
277 3695 429 3752 materiam
456 3693 709 3752 habundancionis
734 3693 749 3725 *
773 3694 925 3754 dedecoris
949 3698 1106 3758 attribuunt
1131 3702 1184 3760 sibi
1210 3703 1277 3762 irre·

278 3800 415 3876 gulariter
429 3799 496 3876 plus
510 3799 638 3858 honoris.
679 3798 718 3858 Et
732 3801 992 3876 correspondenter
1013 3804 1168 3881 irreligiose
1182 3809 1277 3883 queri·

278 3923 345 3964 mus
359 3915 501 3982 quantum
515 3905 590 3964 valet
603 3905 778 3964 beneficium
794 3906 1023 3967 ecclesiasticum
1037 3913 1118 3986 quod
1133 3923 1277 3990 optamus,

277 4010 462 4069 intendentes
489 4012 607 4070 indubie
634 4011 747 4071 lucrum
768 4012 857 4071 seculi
879 4031 941 4071 non
966 4017 1068 4087 meriti,
1093 4019 1166 4077 sicut
1190 4037 1278 4096 opera

280 4118 398 4193 propria
411 4135 468 4177 nos
482 4117 665 4176 convincunt.
706 4116 752 4175 Ex
768 4117 829 4175 istis
843 4118 984 4178 discretus
1006 4120 1167 4182 katholicus
1182 4135 1278 4200 potest
1287 4143 1340 4206 spis
1349 4144 1474 4205 rapoto

238 4247 269 4297 35
280 4222 416 4300 colligere
445 4222 526 4302 quod
555 4221 772 4297 inclinaciones,
789 4224 1023 4300 genuflecciones
1051 4238 1080 4288 et
1096 4247 1278 4308 quecumque
1287 4196 1481 4299 iiiiii&

557 4340 566 4371 ¹
583 4343 612 4393 si.
817 4343 827 4374 ¹
843 4345 961 4409 veniente,
974 4360 1000 4396 Α.
