3030 5212
589 506 639 556 DE
662 506 811 559 OFFICIO
834 507 952 560 REGIS.
1444 510 1482 576 91

276 664 548 725 inconvenientibus
572 664 780 726 reducendum.
824 665 882 725 Sed
902 665 1000 742 primo
1023 664 1094 726 tollo
1118 665 1203 726 istam
1231 666 1465 780 ¹¹¹·{?,?K¹{,{⁰¹{,‘„¹',{

275 773 429 833 stanciam.
468 771 548 833 Nam
561 790 612 831 rex
630 771 734 830 mundi
753 770 822 831 facit
836 791 924 831 omne
938 773 1092 849 positivum
1113 773 1193 851 quod
1207 774 1275 833 facit
1284 779 1330 871 {32⁶
1336 778 1460 879 ctrtfflg'

276 879 372 956 aliqua
394 887 534 939 creatura.
582 876 621 936 Et
641 888 740 939 tamen
763 897 825 938 non
850 879 979 956 sequitur
1000 897 1038 938 ex
1059 878 1116 940 hoc
1137 880 1218 957 quod
1240 881 1275 940 sit
1283 894 1447 973 {diffie

276 986 406 1047 sellarius
419 985 465 1045 vel
479 985 580 1045 artifex
593 985 658 1045 talis
672 985 859 1045 mechanicus
876 986 977 1046 dicens
993 998 1122 1046 creatum
1137 986 1275 1046 habitum.
1285 980 1469 1084 {gfgffiffi

253 1092 344 1157 bNec
364 1093 493 1170 sequitur
513 1091 593 1169 quod
609 1091 691 1152 Deus
711 1092 838 1151 comedit
857 1110 978 1151 omnem
994 1094 1101 1164 eibum,
1123 1095 1276 1171 cognoscit
1285 1083 1335 1185 ’ἔξω
1352 1083 1428 1186 ’3ξῶ
1437 1138 1460 1176 ,0

278 1217 396 1259 omnem
411 1198 570 1271 mulierem,
585 1209 614 1257 et
628 1198 670 1257 sic
683 1198 720 1257 de
735 1198 882 1271 similibus,
896 1198 962 1259 licet
975 1199 1062 1259 faciat
1070 1200 1211 1277 quotlibet
1220 1200 1277 1260 tale
1286 1184 1343 1229 ⁶⁰⁶⁴

278 1323 361 1384 opus.
403 1302 689 1382 Comespondenter¹
703 1304 808 1364 dicitur
829 1304 866 1364 de
888 1323 956 1382 rege
977 1316 1093 1366 terreno
1114 1307 1195 1384 quod
1216 1326 1278 1367 non

278 1412 405 1491 sequitur
421 1413 445 1471 si
466 1411 553 1471 faciat
574 1429 678 1471 omnes
690 1411 760 1470 istas
779 1411 989 1489 operaciones⁹
1003 1411 1047 1472 vel
1066 1431 1156 1490 opera
1177 1414 1278 1491 quod⁸

278 1531 432 1598 propterea
449 1520 484 1578 sit
507 1528 568 1577 tam
586 1517 739 1594 multiplex
755 1517 866 1589 artifex,
881 1528 913 1577 ut
927 1536 988 1578 non
1002 1519 1133 1596 sequitur
1150 1520 1174 1578 si
1191 1521 1279 1580 timor

238 1625 324 1686 revel
336 1625 415 1685 aliud
429 1624 621 1685 substanciale
634 1633 683 1682 aut
698 1623 876 1684 accidentale
895 1624 980 1684 faciat
998 1644 1046 1684 me
1067 1643 1181 1686 currere
1196 1626 1278 1704 quod

278 1742 349 1792 tunc
370 1732 468 1792 currit.
506 1731 580 1791 Ideo
593 1730 803 1790 attendendum
817 1740 861 1789 est
875 1729 913 1789 ad
927 1731 1185 1792 denominaciones
1204 1750 1278 1810 quas

278 1849 361 1899 actus
381 1838 453 1897 tales
473 1837 633 1897 formaliter
646 1847 674 1896 et
688 1837 845 1896 inmediate
867 1837 983 1909 faciunt,
1006 1848 1035 1896 et
1053 1836 1091 1896 ad
1105 1837 1279 1898 denomina-

110 1939 149 1986 ²⁰
161 1951 185 1987 ⁰·
278 1946 379 2005 ciones
404 1945 497 2022 quas⁴
518 1943 644 2003 mediate
660 1942 675 1974 *
691 1953 821 2014 causant,
842 1954 872 2002 et
895 1944 1059 2004 secundum
1078 1943 1278 2005 habitudinem

277 2052 481 2123 extrinsecam,
505 2060 537 2110 ut
554 2050 616 2109 dixi
635 2050 666 2109 in
687 2051 808 2108 materia
821 2049 858 2110 de
877 2051 1043 2110 necessario
1061 2069 1207 2111 concursu
1221 2051 1278 2112 Dei

239 2178 269 2233 15
278 2175 347 2218 cum
368 2157 497 2235 qualibet
517 2166 657 2217 creatura.
700 2155 759 2216 Sed
779 2155 898 2216 ulterius
918 2176 972 2234 pro
985 2159 1105 2217 materia
1119 2159 1436 2237 videndumsnuyemay

1286 2241 1374 2279 euqurre
1383 2228 1405 2270 iu
1414 2228 1474 2271 what

278 2274 322 2326 est
353 2263 515 2324 secundum
549 2263 700 2339 exemplar
735 2264 874 2340 scripture
903 2264 1054 2340 quomodo
1089 2265 1161 2325 tales
1196 2276 1469 2381 ²⁰¹¹¹⁸L⁹r²diisscfs⁰³⁵my

279 2371 459 2432 subditorum
487 2379 556 2430 sunt
583 2371 780 2446 superioribus
810 2371 984 2431 ascribendi.
1023 2370 1062 2431 Et
1090 2382 1169 2449 patet
1196 2372 1460 2483 quodffiffifflotp&

278 2477 420 2557 quidquid
441 2475 568 2536 famulus
589 2477 664 2552 regis
685 2477 857 2536 auctoritate
874 2478 918 2536 vel
941 2478 1082 2554 regimine
1105 2496 1158 2538 suo
1177 2477 1277 2538 fecerit

114 2580 178 2633 Gen.
190 2580 241 2632 ἢν·
277 2585 349 2645 illud
363 2595 406 2645 est
415 2583 585 2662 capitaneo⁸
595 2583 807 2643 ascribendum.
843 2583 891 2644 Sic
905 2585 983 2644 enim
994 2585 1098 2644 dicitur
1109 2584 1215 2644 Genea.
1229 2604 1276 2657 14.

237 2692 359 2770 eoquod
382 2692 510 2769 quinque
532 2709 617 2768 reges
638 2700 842 2768 percusserunt
866 2701 957 2750 totam
976 2691 1126 2768 regionem
1148 2702 1178 2750 et
1196 2690 1277 2768 quod

277 2798 427 2858 Abraham
449 2797 591 2875 percussit
611 2815 670 2869 eos,
685 2809 714 2857 et
735 2807 833 2858 tamen
854 2798 938 2856 multi
958 2799 1084 2857 subditi⁶
1098 2817 1200 2858 eorum
1220 2799 1276 2858 hec

117 2905 262 2959 isemxv.
277 2904 416 2965 fecerunt.
459 2903 507 2964 Sic
532 2904 624 2964 eciam
648 2922 662 2962 1
688 2903 780 2980 Regis
806 2904 864 2963 20⁷
883 2905 1014 2981 precepit
1034 2904 1172 2965 dominus
1197 2904 1277 2965 Sauli
1285 2909 1378 2970 We‚find
1388 2910 1410 2952 n

114 2983 176 3037 3,4·
279 3011 360 3090 quod
379 3019 542 3088 percuteret
564 3010 716 3083 Amalech,
744 3022 772 3071 et
795 3021 894 3071 tamen
920 3011 1017 3088 plures
1041 3030 1131 3089 quam
1152 2961 1461 3072 ducentassfflrirtdfes

278 3119 358 3177 milia
381 3117 437 3177 hec
465 3117 604 3177 fecerunt.
644 3116 684 3176 Et
711 3118 753 3178 sic
782 3118 887 3177 dicitur
914 3118 994 3196 quod
1017 3118 1204 3191 Allexander,
1227 3063 1479 3179 rexgpffitouen

238 3250 269 3302 ²5
278 3224 412 3296 maced0,
421 3225 565 3302 percussit
578 3224 701 3283 Darium
716 3243 815 3301 regem
833 3243 983 3302 persarum
998 3235 1028 3284 et
1041 3226 1181 3286 interfecit
1194 3244 1279 3303 reges

117 3330 735 3410 rnam.t1.gencium1Macnabeorumio.
775 3331 815 3390 Et
829 3332 871 3391 sic
890 3331 927 3391 de
948 3330 1046 3392 multis
1066 3333 1202 3409 operibus
1221 3352 1278 3411 que

279 3450 339 3499 tam
354 3439 496 3515 scriptura
517 3456 608 3515 quam
628 3438 820 3516 philosophia,
835 3456 925 3515 quam
939 3438 1033 3498 eciam
1046 3438 1159 3499 locucio
1173 3440 1279 3516 wlgata

279 3546 396 3607 atribuit
418 3544 592 3623 capitaneo⁸
610 3545 726 3604 racione
748 3563 799 3605 sue
821 3543 939 3616 familie,
961 3553 991 3605 et
1011 3544 1092 3605 aliter
1112 3557 1279 3622 paterentur

278 3654 389 3732 politici
423 3664 452 3714 et
487 3652 657 3712 defensores
690 3651 816 3712 veritatis
855 3652 996 3729 scripture
1035 3652 1121 3712 nimis
1153 3669 1278 3730 magnas

114 3767 150 3815 B·
236 3760 439 3839 soangusrias,
479 3758 579 3819 Potest
593 3768 692 3818 autem
705 3757 887 3818 racionalitas
900 3757 987 3817 huius
1001 3758 1085 3835 loyce
1099 3759 1139 3818 sic
1154 3759 1277 3819 suaderi.
1286 3777 1333 3819 rue
1342 3776 1425 3820 acirone
1438 3777 1465 3820 or

1285 3828 1322 3870 the
1331 3828 1417 3871 inferior

281 3867 394 3927 Totum
407 3884 530 3943 regnum
545 3882 613 3925 curn
627 3882 695 3940 rege
710 3874 754 3924 est
767 3883 828 3924 una
841 3883 977 3942 persona,
992 3874 1023 3923 ut
1031 3865 1079 3925 hic
1093 3867 1276 3942 supponitur,
1283 3880 1403 3972 psteplupgn
1397 3893 1446 3972 ped

279 3975 362 4036 euius
375 3984 463 4052 caput
477 3973 522 4033 vel
536 3991 588 4033 cor
602 3982 645 4032 est
659 3990 710 4032 rex
724 3971 849 4031 influens
870 3971 998 4031 criminis
1018 3973 1471 4075 conservacionemgorppanp’suem

278 4099 398 4142 sensum
425 4090 456 4140 et
484 4089 606 4140 motum
664 4078 723 4139 Sed
756 4096 876 4138 omnem
909 4077 1118 4154 operacionem
1151 4081 1277 4141 membri

310 4263 319 4294 ¹
337 4262 510 4326 communiter,
527 4274 554 4314 x.
629 4262 640 4291 ²
656 4262 716 4312 istas
733 4277 854 4326 operones
867 4262 934 4325 (sic),
945 4272 980 4325 A;
997 4261 1158 4328 operaciones
1168 4262 1237 4324 istas,
1249 4274 1274 4313 s.

278 4342 289 4375 ⁸
304 4356 360 4408 qne,
373 4353 401 4393 Α.
572 4339 584 4372 ⁴
599 4347 671 4392 ectus
684 4340 748 4390 tales
761 4340 897 4391 formaliter
913 4348 937 4391 et
948 4339 1092 4391 immediate
1103 4339 1196 4392 faciunt
1207 4341 1275 4391 etad

278 4420 611 4485 denomimcionesquam.
662 4417 851 4484 ’eapientem
903 4416 973 4471 'ea
1033 4416 1102 4482 '¹5-
