3030 5212
571 484 620 535 DE
642 482 788 537 OFFICIO
811 483 928 535 REGIS.
1405 484 1464 532 221

257 642 393 702 secularis
406 642 520 719 collegii
534 643 565 701 in
579 661 638 720 quo
657 641 728 701 socii
749 652 874 720 possunt
893 640 998 718 expelli
1019 652 1048 700 et
1068 641 1157 719 gratis
1178 641 1256 701 exire
1264 655 1446 707 anteexpeuaa

258 767 326 809 curn
341 749 406 825 plus
420 749 632 808 affectaverint¹
647 748 734 807 aliam
748 746 936 807 comitivam¹
950 747 1012 806 siue
1026 748 1256 808 incarceracione
1265 705 1466 798 mirem&-

257 856 302 915 vel
320 856 376 914 alia
396 874 473 932 pena
492 855 603 915 mortis.
645 854 710 914 Nisi
729 874 800 931 ergo
820 855 953 932 capitalia
969 856 1064 933 puniri
1082 855 1257 933 potuerunt³

258 981 312 1040 pro
327 964 387 1023 suis
400 963 531 1039 partibus
551 961 645 1022 forent
666 961 787 1021 sathane
807 962 1017 1034 conventicula,
1033 980 1102 1022 cum
1123 963 1258 1039 gravibus

235 1072 355 1148 5gravia
369 1081 397 1129 et
411 1089 479 1130 cum
493 1070 602 1129 levibus
612 1069 684 1130 levia
698 1069 764 1147 plus
779 1088 867 1147 quam
882 1070 1083 1129 conventicula
1098 1070 1258 1130 demonum

259 1178 444 1254 privilegiata.
485 1177 596 1236 Verum
611 1187 709 1236 tamen
723 1176 754 1234 in
769 1176 924 1252 punicione
939 1176 988 1236 tali
1002 1177 1153 1254 inprovida
1166 1177 1258 1237 homo

259 1297 358 1362 posset
372 1284 491 1345 faciliter
505 1284 629 1344 deficere
643 1303 661 1342 a
675 1284 773 1343 medio
788 1283 939 1343 virtuosos.

95 1409 127 1455 m.
300 1391 454 1465 Quantum
477 1391 514 1450 ad
538 1402 580 1467 3¹¹1
594 1401 749 1468 peceatum
765 1401 844 1468 patet
865 1390 933 1449 alibi
957 1392 1107 1469 quomodo
1129 1393 1257 1469 oportuit

258 1499 355 1576 legem
389 1517 495 1559 novam
526 1499 622 1559 induci
651 1499 689 1557 ad
716 1516 824 1558 novum
849 1498 917 1557 cleri
944 1499 1115 1557 dominium.
1169 1498 1442 1564 Undemeanuopor

218 1606 376 1683 10quando
397 1606 551 1682 episcopus
567 1604 719 1664 Romanus
733 1605 865 1665 vendicat
881 1623 912 1664 se
926 1624 991 1665 esse
1005 1624 1105 1682 regem
1127 1607 1258 1665 condidit
1266 1563 1401 1656 medat
1408 1612 1460 1654 him·

259 1713 313 1771 sibi
326 1712 438 1788 legem;
460 1711 563 1771 Petrus
583 1723 681 1770 autem
702 1722 731 1770 et
752 1711 799 1770 alii
815 1712 907 1772 sancti
926 1711 1012 1770 Cristi
1027 1712 1123 1770 vicarii
1144 1664 1450 1771 suemntoeuanewaaw.

259 1820 386 1879 contenti
410 1820 446 1878 de
468 1818 533 1895 lege
548 1818 643 1891 Cristi,
659 1819 710 1876 sed
734 1829 763 1876 et
783 1818 840 1894 legi
862 1817 1015 1878 hominum
1037 1828 1105 1876 sunt
1125 1820 1259 1891 subiecti,

95 1944 157 1993 Acts
165 1959 220 1993 m.
258 1929 331 1987 sicut
353 1936 431 2003 patet
454 1926 489 1984 de
515 1925 607 1985 Paulo
634 1924 648 1955 *
676 1926 741 1984 Act.
766 1940 812 2000 25,
841 1925 891 2001 qui
915 1944 933 1984 a
958 1934 1051 1984 morte
1077 1927 1260 1985 sacerdotum

95 2053 157 2100 1¹01.
164 2053 217 2100 16⁶
224 2054 251 2100 b.
259 2045 413 2111 propterea
427 2045 470 2091 est
484 2032 618 2091 salvatus.
661 2031 831 2091 Introducta
846 2042 944 2090 autem
959 2032 1024 2109 lege
1038 2033 1125 2092 tercia
1140 2051 1260 2093 necesse

221 2162 250 2212 15
259 2152 302 2201 est
317 2141 422 2200 scisma
435 2152 463 2199 et
478 2140 725 2218 prevaricaciones
745 2138 903 2198 blasfemas
923 2140 1080 2199 succedere
1095 2140 1125 2199 iu
1139 2140 1261 2200 ecclesia

259 2266 335 2318 curn,
350 2247 536 2324 magnificata
549 2245 613 2322 lege
627 2246 725 2323 papali
739 2244 784 2303 vel
799 2246 887 2304 verbo
901 2245 946 2303 vel
960 2264 1050 2322 opere
1065 2264 1151 2324 supra
1165 2247 1262 2324 legem

261 2354 356 2424 Cristi‚
379 2365 494 2430 oportet
517 2352 777 2429 correspondenter
799 2370 919 2411 censere
941 2352 1004 2411 eius
1025 2352 1175 2429 legiferum
1196 2372 1261 2413 esse

95 2464 133 2510 46
145 2476 169 2509 a.
259 2478 409 2536 magnum.
443 2459 482 2519 Et
496 2460 563 2518 ideo
578 2459 679 2518 dicunt
692 2457 705 2488 *
719 2457 886 2518 seductores
903 2458 989 2518 huius
1004 2459 1074 2536 legis
1088 2459 1169 2536 quod
1183 2479 1260 2536 papa

260 2567 295 2624 sit
317 2566 390 2624 deus
412 2566 528 2636 mixtus,
545 2566 626 2642 quod
651 2567 675 2624 si
689 2575 734 2624 est
747 2565 820 2625 deus
842 2565 889 2624 ille
913 2566 1031 2625 racione
1053 2567 1260 2625 conmixtionis

220 2694 252 2729 ιο
260 2672 403 2731 extollitur
429 2691 515 2748 super
542 2671 704 2749 simplicem
732 2671 821 2730 deum
848 2683 988 2731 nostrum.
1031 2673 1145 2733 Veritas
1164 2674 1260 2751 itaque
1269 2685 1440 2780 &2332ng

1406 2754 1420 2780 0
1440 2763 1447 2773 .

260 2791 304 2839 est
332 2780 412 2856 quod
441 2780 508 2838 licet
536 2780 680 2856 episcopis
708 2779 814 2837 nostris
840 2787 965 2838 statuere
992 2780 1196 2840 ordinaciones
1224 2780 1260 2839 de
1271 2788 1471 2890 dffletff'dgdiss'

261 2897 371 2963 quanto
393 2886 549 2945 fundantur
563 2895 592 2944 et
605 2894 768 2944 consonant
788 2885 845 2961 legi
861 2884 956 2944 Cristi.
998 2885 1088 2945 Unde
1110 2887 1261 2964 religiosus
1270 2890 1429 2992 i'ssnfffissyw

261 2995 332 3052 ritus
343 2993 414 3053 foret
425 3011 527 3051 vocare
542 2993 590 3051 illa
603 3001 710 3050 statuta
724 2992 886 3065 hominurn,
901 3002 1042 3068 tanquam
1058 2994 1261 3054 conclusiones
1270 3004 1333 3041 Ψ
1343 2990 1440 3034 withthe

1271 3041 1313 3082 lav
1320 3042 1344 3082 of
1351 3042 1430 3092 Christ,

261 3101 403 3178 practices
427 3119 464 3158 ex
488 3100 553 3177 lege
578 3099 662 3158 Cristi
685 3099 804 3169 elicitas,
827 3109 857 3157 et
878 3099 922 3157 vel
946 3117 1006 3158 non
1028 3117 1091 3159 esse
1116 3100 1196 3177 leges
1217 3101 1261 3160 vel
1271 3092 1413 3134 ''hid‘ss‘l‘
1427 3094 1471 3136 ⁸⁰¹⁸

1295 3156 1309 3183 u
1367 3144 1378 3183 f
1420 3143 1425 3155 '

222 3226 252 3275 25
260 3209 339 3285 leges
365 3207 451 3266 Cristi
477 3217 505 3265 et
530 3224 582 3265 sue
600 3206 730 3265 ecclesie.
771 3205 811 3263 Et
831 3205 1099 3283 quomodocunque
1123 3144 1438 3266 vocenmrsstffoefipynen

262 3337 322 3377 nou
344 3318 410 3394 plus
431 3316 610 3376 credendum
630 3327 675 3375 est
689 3317 785 3375 verbis
805 3316 934 3392 epistolis
948 3315 992 3374 vel
1014 3315 1128 3392 legibus
1148 3319 1263 3376 romani

261 3424 413 3500 pontificis,
446 3425 501 3483 nisi
538 3424 574 3483 de
609 3434 719 3501 quanto
753 3421 858 3481 fuerint
893 3421 1013 3481 fundata
1047 3423 1078 3481 in
1114 3424 1261 3501 scriptura.

263 3532 345 3590 Patet
368 3532 463 3607 primo
490 3550 527 3589 ex
551 3530 608 3590 hoc
630 3529 710 3607 quod
731 3529 828 3589 omnis
850 3529 955 3588 veritas
983 3541 1026 3589 est
1054 3531 1084 3589 iu
1112 3532 1261 3609 scriptura,
1271 3545 1352 3605 roro)
1360 3545 1472 3587 suumn

1270 3609 1290 3637 rs
1302 3594 1324 3636 in
1335 3595 1395 3647 lioly
1404 3595 1472 3648 Scrip

262 3639 330 3697 ideo
352 3639 376 3697 si
401 3639 436 3696 sit
460 3639 565 3698 veritas
589 3638 633 3696 vel
661 3637 740 3696 racio
768 3637 798 3694 iu
821 3636 883 3696 istis
904 3635 1016 3713 legibus
1042 3647 1157 3714 oportet
1182 3638 1262 3716 quod
1271 3646 1473 3738 mtteglerrerguotrffh

222 3758 255 3807 ³0
263 3744 485 3803 fundamentum
520 3743 625 3803 habeat
653 3744 683 3801 in
713 3743 862 3820 scriptura.
903 3743 943 3802 Et
970 3743 1025 3804 hec
1060 3745 1139 3805 racio
1173 3747 1429 3840 quafeffi‘ssffi

263 3851 385 3929 epistule
410 3849 567 3909 decretales
594 3849 705 3908 tociens
733 3849 863 3908 alludunt
892 3850 1023 3926 partibus
1048 3848 1465 3941 scripturarum,ffi‘r'e¹{¹¹di¹¹⁵⁰¹³l>

263 3971 291 4018 et
316 3977 405 4035 quare
434 3957 501 4015 dicti
529 3956 667 4033 prepositi
695 3965 808 4015 tantum
836 3956 957 4015 dilatant
987 3957 1152 4017 facultatem
1180 3958 1262 4018 theo-

265 4065 398 4141 logicam,
413 4083 481 4123 cum
496 4062 641 4123 neclecta
660 4081 714 4122 nec
729 4063 805 4121 dicta
825 4081 879 4122 nec
902 4062 1007 4141 scripta
1028 4081 1130 4122 eorum
1151 4064 1263 4125 admitti

266 4174 392 4233 debeant
413 4173 468 4230 nisi
492 4172 528 4231 de
550 4183 660 4249 quanto
683 4170 824 4230 docentur
845 4188 898 4246 per
920 4171 1075 4248 theologos
1097 4171 1212 4231 fundari
1232 4174 1262 4231 in

225 4288 256 4338 35
265 4280 378 4357 legibus
387 4279 455 4337 lesu
466 4277 550 4337 Cristi
562 4277 672 4337 domini
687 4277 788 4336 nostri.
827 4276 964 4337 Secundo
979 4279 1120 4356 probatur
1133 4279 1263 4357 predicta

332 4403 340 4432 ¹
358 4402 515 4463 affectaverit,
528 4401 601 4452 MSS.
701 4400 711 4429 ¹
727 4400 863 4464 comitiam,
877 4413 904 4451 Α.
1005 4400 1015 4429 ⁸
1031 4408 1153 4466 poterunt,
1166 4413 1189 4451 tt.
