3030 5212
503 517 554 567 DE
577 516 726 569 orrtcto
749 517 865 569 REGlS'.

182 679 319 748 venerare]
347 685 374 735 et
407 676 540 752 rapr'enter
574 675 727 733 sublimare
735 695 751 744 ,·
782 675 857 752 quod
880 674 1016 752 facerent
1044 676 1181 736 seruando

181 803 224 842 cos
253 786 285 842 r'n
311 790 387 844 statu
415 802 492 859 quem
528 782 593 840 deus
621 783 661 840 eis
687 779 823 840 restituit!
865 782 913 840 Ex
948 781 1009 841 istis
1043 783 1181 843 formetur

181 891 245 951 talis
265 893 362 950 racio:
381 891 478 968 aliqua
498 899 544 950 est
563 888 663 966 regula
676 889 707 946 in
721 889 863 965 scriptura
883 906 964 948 sacra
985 890 1023 949 ad
1044 909 1182 969 compro-

181 999 412 1075 porcionandum
426 1007 487 1056 tam
502 1014 625 1055 numero
647 1013 737 1074 quam
750 995 849 1056 officio
868 1015 921 1072 per
937 1006 1031 1056 totum
1051 998 1181 1056 cristian-

156 1106 311 1171 5issimum
332 1105 440 1163 clerum
462 1103 500 1163 ad
521 1103 619 1174 laicos,
635 1103 687 1162 sed
709 1102 788 1163 nulla
807 1104 831 1162 si
848 1122 909 1163 non
929 1104 992 1164 ista
1034 1103 1112 1164 Nam
1128 1106 1182 1165 ista

179 1210 280 1289 regula
300 1212 404 1270 direxit
425 1209 577 1270 ecclesiam
599 1208 720 1286 quando
741 1209 793 1268 luit
813 1210 908 1268 maior
928 1210 1035 1270 affecto
1059 1210 1182 1271 ecclesie

179 1317 217 1377 ad
244 1327 367 1390 terrena,
393 1316 486 1375 multo
511 1317 605 1393 magis
633 1326 764 1393 tempore
792 1316 898 1392 gracie,
930 1316 1050 1394 quando
1074 1316 1182 1377 debent

179 1423 344 1483 sacerdotes
373 1422 459 1483 Cristi
486 1432 599 1482 terrena
627 1422 776 1498 despicere
803 1422 893 1481 instar
920 1423 972 1482 sui.
1027 1423 1076 1482 Ad
1110 1423 1182 1483 illud

179 1531 265 1606 igitur
299 1539 414 1608 oportet
449 1546 550 1606 regem
580 1547 635 1605 pro
669 1528 752 1604 regni
779 1528 824 1587 sui
852 1529 994 1604 regimine
1029 1529 1182 1608 diligenter
1192 1544 1257 1587 rene
1267 1544 1327 1597 ung

1190 1595 1291 1656 appoints
1300 1595 1354 1638 unfit

140 1661 170 1700 ro
179 1637 334 1709 attendere,
356 1637 425 1714 quia
439 1635 483 1695 vel
504 1634 669 1694 ordinando
690 1634 832 1697 inhabiles
855 1653 1000 1713 occupare
1021 1637 1362 1749 ³²⁰‘fd0llsffiffi

178 1743 315 1816 officium,
331 1743 376 1803 vel
397 1742 549 1803 onerando
563 1741 674 1802 habiles
693 1742 730 1800 ad
747 1742 948 1803 sacerdocium
969 1762 1037 1803 cum
1059 1745 1181 1804 seculari
1190 1747 1391 1850 ffiffipm

14 1855 76 1903 rot
85 1856 134 1903 121
142 1857 169 1904 b.
178 1850 284 1923 officio,
311 1850 469 1911 loretum
494 1848 508 1880 *
533 1867 584 1908 eos
608 1867 698 1926 quam
727 1849 872 1909 subiectos
894 1849 1051 1928 despicere.
1102 1850 1181 1911 Nam
1190 1848 1363 1954 ffigp‘ffiffld

178 1959 282 2019 ambos
310 1956 380 2016 tales
408 1967 440 2015 ut
469 1956 563 2016 fatuos
591 1955 688 2014 irridet
716 1955 899 2034 triumphans
926 1957 1059 2017 ecclesia.
1101 1956 1181 2030 Quid

178 2082 251 2141 rogo
279 2064 344 2140 plus
371 2063 515 2122 derisibile
547 2080 636 2139 quam
665 2061 801 2122 vescum²
829 2062 873 2121 vel
903 2074 1121 2123 monstruosum
1150 2065 1181 2124 in

138 2189 168 2239 15
178 2171 270 2248 gradu
285 2170 377 2230 altiori
392 2169 503 2248 quoad
517 2169 662 2230 mundum
676 2180 810 2241 statuere,
825 2171 875 2229 ubi
889 2189 1009 2230 necesse
1025 2182 1069 2231 est
1085 2173 1181 2233 bonos

176 2278 275 2354 ipsum
311 2288 520 2353 contempnere
551 2287 581 2337 et
616 2278 657 2337 ob
698 2276 843 2337 deiectum
879 2277 1090 2357 completionis
1129 2297 1180 2339 sue

177 2384 302 2445 milicie²
322 2393 438 2461 oportet
459 2383 546 2442 eum⁸
567 2384 663 2459 ipsum
684 2384 750 2461 plus
770 2384 931 2462 periculose
951 2387 1105 2448 corruere?
1141 2386 1181 2446 Et

11 2503 113 2555 Dlslxi.
121 2518 167 2569 c5.
176 2492 241 2554 talis
255 2491 328 2552 foret
347 2491 429 2567 regni
448 2490 619 2563 destruccio,
636 2491 751 2551 dicente
770 2491 889 2552 decreto
908 2491 949 2550 lxi
970 2492 1345 2591 distinccioneffigfwtl

177 2597 347 2657 ‘Miramur
376 2597 450 2674 quod
478 2599 648 2657 corrste'tutir⁴
676 2600 808 2674 e'rrdr'gmos
834 2599 881 2656 vet
904 2599 1084 2657 arnbe'encr'um
1112 2610 1180 2676 pre·

136 2706 331 2780 aosumpcr'eue
353 2706 398 2762 uel
415 2705 556 2781 populari
574 2707 693 2763 tumultu
718 2706 749 2765 r'n
770 2706 915 2781 pastorale
942 2705 1070 2783 affictum.
1110 2704 1180 2767 Nun

176 2821 217 2873 est
242 2815 380 2873 consulere
403 2815 515 2890 populo,
539 2833 587 2872 nce
607 2819 738 2890 prestare
764 2815 893 2889 regimen,
920 2816 971 2873 sed
995 2834 1097 2891 uugen
1123 2817 1179 2873 dri-

177 2922 307 2980 crimen.
330 2964 336 2977 .
359 2964 365 2979 .
388 2965 395 2978 .
415 2918 496 2992 Nec‚’
518 2920 621 2998 inquit,
639 2920 809 2996 ‘pertundus⁶
822 2922 963 2980 esthenor
984 2923 1029 2980 ille
1041 2923 1181 2998 legr'tc'mur

177 3029 230 3102 qur'
235 3027 336 3104 suerit
352 3034 449 3084 contra
467 3027 585 3085 delinita·
598 3028 668 3103 legis
682 3026 961 3103 praeparaturus)
1001 3026 1080 3087 Ecce
1101 3029 1180 3087 testi·

178 3134 310 3192 monium
330 3133 436 3193 decreti
456 3143 484 3193 et
503 3152 563 3212 quo
580 3134 618 3194 ad
635 3135 766 3212 regimen
785 3135 869 3211 regni
886 3153 938 3211 per
955 3135 1180 3212 imposicionem

139 3262 168 3312 25
179 3239 327 3316 prudentis
345 3241 483 3317 prepositi
496 3251 524 3299 et
539 3259 599 3318 quo
613 3241 651 3301 ad
665 3241 796 3318 regulam
817 3241 939 3301 honoris
953 3241 1017 3301 talis
1031 3242 1180 3319 preposito

181 3346 380 3423 impendendi.
410 3346 498 3407 Unde
508 3347 707 3426 videturquod
715 3358 861 3426 quotquot
870 3346 1036 3407 sacerdotes
1045 3347 1116 3408 tales
1127 3366 1178 3408 rex
1188 3361 1238 3424 me,
1246 3362 1305 3416 ung
1314 3363 1364 3407 vno

177 3454 206 3512 in
220 3471 312 3530 regno
327 3471 380 3512 suo
394 3453 527 3526 instituit,
542 3455 749 3532 approbaturi
763 3454 926 3533 permittitl,
941 3464 985 3514 tot
1001 3423 1384 3559 proditores⁸l¹u⁹ttsftl÷3⁵ir¹iglil

177 3559 221 3619 sui
248 3561 330 3636 regni
358 3561 487 3633 instituit,
510 3564 662 3639 approbat,
688 3562 733 3622 vel
757 3562 906 3639 permittit.
947 3560 1028 3622 Nam
1052 3563 1180 3639 pessima
1188 3527 1379 3618 {senlidfflm

178 3675 221 3726 est
242 3667 395 3742 spiritualis
416 3668 549 3745 prodicio
572 3670 602 3727 in
625 3670 736 3742 virtute,
760 3670 834 3731 sicut
854 3670 1013 3747 preciosior
1033 3681 1077 3730 est
1091 3671 1180 3730 virtus

138 3801 171 3852 ³0
179 3773 332 3851 regnicolis
345 3792 435 3851 quam
451 3777 563 3834 bonum
584 3776 703 3854 aliquod
724 3777 884 3854 corporale.
927 3778 1006 3840 Sicut
1026 3796 1098 3856 ergo
1118 3796 1181 3839 nou

179 3880 252 3940 soret
273 3882 389 3958 signum
410 3882 559 3959 regiminis
581 3882 694 3943 tradere
715 3894 843 3944 castrum
856 3885 887 3943 in
900 3903 1005 3945 manus
1025 3885 1180 3963 proditoris

179 3988 259 4065 quod
281 3999 409 4047 castrum
432 3988 507 4048 soret
526 3989 659 4049 hostibus
680 3989 861 4051 calidissimis
885 3990 1119 4069 circumseptum,
1138 3992 1179 4052 sic

180 4113 241 4153 non
263 4107 306 4153 est
329 4095 446 4172 signum
468 4095 625 4171 regiminis,
641 4096 692 4155 sed
714 4096 879 4156 destructivi
901 4097 983 4174 regni
996 4096 1178 4170 discriminis,

211 4218 437 4326 ‘sergiumrr'cn
479 4240 652 4303 'malicle,n.
695 4241 881 4304 ’cm.eum,tt.
924 4243 1179 4307 ‘constituere,n,t³.

179 4340 390 4407 'putandumn
448 4339 604 4403 ‘divinem
663 4339 816 4407 'promittit
827 4349 877 4408 pru
888 4345 1019 4409 permittit,
1032 4356 1056 4394 n.
1105 4342 1179 4396 ⁸0m.

179 4426 216 4468 tot
228 4419 368 4484 proditores
381 4457 387 4470 .
401 4456 407 4469 .
421 4456 426 4468 .
440 4419 479 4469 vel
490 4419 619 4485 permittit,
631 4430 658 4470 Α.
