3030 5212
592 476 643 526 DE
666 474 813 526 OFFICIO
836 473 954 525 REGIS·
1448 468 1482 535 45

112 643 136 694 s
153 643 273 700 Βοωιεᾱ,
281 632 390 694 hardus
400 634 475 695 libro
486 634 521 693 iio
531 634 568 693 ad
578 634 743 712 Eugenium
755 653 762 693 :
774 631 884 692 Sini'o‘
899 634 929 690 in
938 640 1011 704 tecto,
1023 633 1184 710 rexfotuus
1192 631 1284 688 sedens
1291 642 1363 684 mere
1371 655 1408 684 m
1416 641 1475 682 now·

112 709 266 759 Deconsld,
917 741 922 753 ,
1171 739 1177 750 ‚
1276 707 1341 752 ¹ever
1349 707 1413 744 many
1422 692 1482 744 thing

112 774 246 824 uhu&
281 747 312 803 in
325 746 400 803 soli'o.
443 742 568 819 Oportet
589 752 686 801 autern
710 741 893 801 considerare
915 740 1093 799 intellectum
1117 756 1193 813 regis
1216 747 1283 796 etatr
1291 744 1319 784 he
1328 745 1382 785 need
1392 752 1428 785 not

1291 794 1363 835 know.

113 840 153 889 'st
167 852 208 902 Ι5·
280 850 367 911 statui
377 860 406 909 et
419 849 483 908 aliis
496 850 573 925 regis
587 849 814 908 circumstanciis
828 848 1028 924 pertinentem,
1042 846 1110 923 quia
1124 845 1282 903 multorum

280 955 507 1016 extraordinaria
521 956 628 1014 noticia
642 965 685 1014 est
699 955 784 1013 statui
799 955 874 1031 regis
888 954 1084 1030 impertinens.
1106 951 1180 1010 Ideo
1194 953 1282 1011 tercio

112 1069 211 1119 Pacui
226 1083 265 1118 ro.
282 1063 461 1139 specificatur
482 1062 533 1121 sed
560 1061 681 1121 confuse
703 1062 779 1136 regis
802 1060 929 1119 officium
958 1076 1025 1117 curn
1045 1058 1147 1117 dicitur
1175 1058 1473 1155 Serotlepgieiivljetffid

280 1169 404 1228 Domino
420 1172 450 1226 in
468 1172 567 1227 te‘rnore
579 1176 606 1226 et
617 1170 740 1227 exultate
752 1170 780 1226 ei
790 1187 852 1225 cum
865 1177 987 1226 tremore.
1032 1168 1062 1226 Si
1073 1168 1151 1225 enirn
1166 1167 1280 1224 interum
1291 1165 1313 1225 ΞΠ
1324 1166 1383 1213 sm!
1392 1166 1425 1205 ‘⁰¹
1433 1165 1479 1206 ἴω

1328 1215 1390 1255 hebe
1407 1214 1465 1256 'unin

280 1279 415 1352 sapiencie
428 1277 511 1334 tenor
522 1275 645 1334 Domini
654 1284 733 1351 patet
747 1275 826 1352 quod
841 1276 943 1333 semita
953 1274 1140 1334 introducens
1155 1274 1192 1332 ad
1207 1225 1423 1349 regisffffflffi:
1466 1229 1481 1266 g

281 1383 457 1459 sapienciam
469 1392 512 1441 est
522 1384 627 1440 seruire
636 1381 760 1440 Domino
774 1385 803 1439 in
817 1384 921 1440 te'rnore.
957 1382 1013 1440 Per
1024 1383 1079 1442 hoc
1088 1382 1166 1440 enim
1176 1381 1283 1441 tollitur

281 1486 433 1567 patenter*
447 1489 582 1566 superbia
595 1507 647 1565 per
668 1506 759 1566 quam
778 1488 982 1564 apostotatur³
998 1509 1016 1547 a
1030 1489 1162 1550 Domino
1179 1491 1226 1547 et*
1244 1507 1282 1548 ne

242 1603 391 1654 ¹⁰nomen
419 1595 563 1653 servitutis
587 1613 686 1671 regem
711 1594 854 1670 deprimat
878 1596 974 1653 statim
997 1597 1123 1655 mixtura
1146 1594 1283 1674 prudenti

112 1701 144 1748 Β·
282 1720 366 1778 reges
378 1700 535 1777 exhylarat‚
544 1700 614 1759 dum
629 1701 777 1776 subiungit
790 1708 816 1758 et
825 1703 949 1759 exultate
956 1704 1049 1759 eicum
1059 1710 1182 1762 tremore.
1204 1704 1281 1763 Cum
1290 1714 1466 1807 Lgrtrgheffihh

281 1810 359 1868 enim
384 1809 482 1869 omnis
502 1818 669 1884 potentatus
694 1817 825 1865 terrenus
839 1807 983 1866 infinitum
1006 1827 1023 1867 a
1043 1809 1099 1868 deo
1122 1811 1280 1883 exceditur,
1290 1816 1420 1868 tremblins!

278 1934 334 1974 nec
357 1924 452 1991 potest
474 1915 562 1991 digne
583 1913 691 1972 habere
711 1931 821 1972 nomen
839 1913 914 1973 illius
932 1914 1018 1973 officii
1037 1916 1092 1974 nisi
1110 1917 1147 1976 de
1170 1931 1280 1994 quanto

280 2020 424 2079 humiliter
445 2020 530 2079 servit
544 2021 609 2090 deo,
623 2029 703 2096 patet
716 2020 795 2096 quod
810 2021 864 2079 sibi
886 2021 991 2079 servire
1006 2033 1125 2080 nonest
1147 2024 1281 2084 condicio

244 2144 274 2195 15
282 2126 453 2186 verecundie
474 2127 527 2186 sed
545 2127 672 2188 honoris.
713 2128 787 2190 ideo
807 2132 877 2190 dicit
896 2129 1077 2207 Augustinus
1096 2131 1178 2208 quod
1196 2132 1282 2190 timor
1292 2144 1313 2186 s.
1325 2145 1445 2196 sumasne

278 2234 343 2294 talis
364 2250 425 2292 non
446 2243 489 2292 est
508 2234 624 2310 signum
643 2236 759 2296 miserie
781 2237 832 2296 sed
853 2238 959 2313 gaudii.
1002 2236 1061 2295 Sed
1083 2256 1120 2295 ne
1142 2237 1280 2313 gaudium
1290 2196 1482 2298 {ffidfflcdd

1289 2296 1315 2336 oi
1321 2309 1399 2337 sorrow
1409 2297 1447 2338 but
1456 2299 1482 2340 oi

279 2340 311 2398 in
321 2340 548 2400 dissolucionem
560 2342 668 2401 ebuliat
679 2343 810 2402 subditur
819 2363 881 2401 cum
896 2351 1018 2402 tremore.
1048 2344 1101 2402 lile
1113 2345 1191 2402 enirn
1206 2344 1455 2454 ῢεῃεῇἓζωξῑῑὲξῑε

280 2446 376 2503 tremit
389 2445 428 2504 ad
442 2447 563 2505 verbum
584 2447 697 2507 domini
709 2449 760 2525 qui
775 2451 878 2509 timore
892 2450 970 2508 filiali
990 2449 1112 2509 alternat
1126 2451 1156 2507 in
1171 2450 1281 2526 cogita-
1290 2447 1472 2549 ffiifflffi·

112 2554 142 2599 11
154 2566 178 2601 ο·
284 2552 369 2612 cione
379 2552 473 2612 laudis
486 2554 582 2613 divine
596 2555 641 2614 vel
655 2557 887 2617 conversacionis
901 2557 1024 2633 duplicis
1040 2556 1054 2589 *
1070 2558 1136 2616 vite.
1159 2557 1281 2635 Oportet

244 2671 276 2706 20
284 2658 363 2717 enim
382 2659 524 2718 viatores⁸
542 2678 621 2721 nunc
640 2662 698 2721 vite
711 2664 802 2722 active
823 2664 982 2735 intendere,
1002 2675 1032 2723 et
1050 2683 1127 2723 nune
1142 2663 1179 2723 ad
1194 2666 1281 2724 vitam

283 2765 539 2841 contemplativam
566 2778 695 2826 mentem
730 2787 814 2828 suam
849 2770 1011 2829 alternatim
1046 2771 1201 2830 reflectere.
1242 2771 1281 2830 Et

112 2866 189 2915 Dent
201 2865 261 2915 xvii
283 2879 362 2946 patet
376 2872 528 2931 conclusio
541 2873 680 2949 scripture
703 2875 925 2935 deuteronomio
944 2878 1016 2935 xvii0
1034 2878 1084 2936 ubi
1106 2879 1148 2938 sic
1169 2878 1483 2949 diciturneianngor

114 2943 143 2995 ¹⁴
154 2947 205 2996 ἠ’
286 2975 358 3035 Cum
373 2979 516 3053 engressus
524 2979 626 3053 suere's
645 2986 759 3052 terram,
774 3000 858 3056 quom
872 2981 1015 3041 Dominus
1027 2983 1107 3041 Deus
1120 2993 1184 3043 tuus
1204 2946 1382 3043 dobiitdingld
1391 2948 1465 2989 Tm*

281 3083 341 3154 ie‘hi,
361 3090 387 3141 ei
399 3086 551 3159 possederas
560 3085 785 3162 'habitaverisque
799 3090 829 3145 in
844 3090 895 3147 illa
908 3096 936 3147 ei
952 3091 1084 3149 deiceris:
1108 3091 1281 3151 Cossitium

244 3204 275 3255 τε
284 3203 364 3267 super
384 3209 424 3248 me
443 3209 531 3265 regem
552 3193 626 3249 sicui
647 3192 748 3250 habent
767 3213 856 3252 omnes
877 3198 907 3252 in
928 3198 1050 3255 circuitu
1070 3201 1200 3268 nationes,
1220 3219 1280 3256 eum

280 3298 424 3353 eonsie'iues
431 3315 508 3371 quem
516 3296 657 3355 Dominus
665 3297 744 3356 Deus
752 3305 816 3357 tuus
823 3303 934 3377 elegerit
930 3305 1067 3378 fratrum
1077 3312 1196 3363 tuorum.
1214 3305 1281 3363 Non

272 3404 381 3476 poteris
401 3403 518 3460 alterius
533 3406 626 3478 geneis
646 3424 735 3480 regem
747 3407 858 3482 facere,
881 3413 1007 3484 quinon
1031 3413 1071 3469 sit
1079 3412 1185 3487 frater
1208 3420 1280 3471 iuus.

282 3506 679 3584 Cumquesueritconstiiuius,
690 3532 744 3570 non
755 3517 950 3591 multiplicabit
957 3518 1107 3593 sibiequos‚
1118 3538 1166 3576 nee
1175 3522 1284 3578 reducet

276 3615 411 3689 populum
421 3616 451 3672 in
461 3614 608 3691 Emptum,
618 3622 755 3694 equitatus
765 3640 879 3679 numero
888 3623 1051 3695 sublevatus,
1060 3630 1207 3702 presertim
1219 3646 1280 3685 cum

243 3724 277 3775 30
288 3719 427 3778 Dominus
430 3725 552 3797 precepit
563 3725 639 3782 uobis
646 3726 664 3796 ⁶,
677 3732 710 3782 ut
717 3746 887 3803 nequequam
898 3732 1018 3806 amplius
1024 3742 1079 3806 per
1086 3735 1196 3790 eandem
1206 3737 1281 3791 neone

282 3829 472 3885 revertemini.
504 3827 1281 3912 Nonhobebituxoresplurimos,queillieeonionimam

281 3935 349 4003 eries,
360 3935 462 4008 neque⁷
476 3940 593 4010 argenti
602 3944 629 3995 ei
639 3942 710 3997 ouri
720 3940 853 3999 riomense
859 3944 990 4018 pondero.
1024 3946 1178 4022 Postquam
1192 3955 1281 4007 autem

282 4039 383 4097 sederit
391 4042 422 4098 in
430 4041 499 4098 soleo
507 4044 653 4118 regm'sui,
662 4046 794 4104 describet
801 4046 1110 4110 sibiDeuteronomium
1118 4054 1186 4128 legis
1196 4055 1282 4112 huius

283 4146 314 4201 in
334 4146 480 4218 uolumine,
502 4150 639 4224 occipiens
659 4153 804 4227 exemplar
825 4174 844 4210 a
860 4157 1043 4215 sacerdotibus
1065 4160 1168 4217 levitice
1189 4162 1280 4220 tribus

317 4271 462 4335 ¹Sime‚a;
480 4275 607 4339 Simea,u.
651 4279 797 4346 'potentem
811 4295 836 4331 Α.
881 4285 1077 4350 ’apostolatu
1121 4291 1179 4351 ⁴et,
1196 4308 1242 4341 em.
1256 4304 1279 4340 a.

283 4349 293 4377 ⁵
310 4366 374 4402 nmrc
386 4352 500 4415 viatores,
514 4366 536 4402 u.
602 4357 612 4385 ⁸
628 4373 673 4407 vos
684 4366 734 4423 pro
744 4360 825 4421 vobis,
837 4375 863 4410 Α.
930 4361 939 4390 ²
955 4380 1010 4425 nec,
1024 4378 1049 4414 Α.
