3030 5212
537 543 588 592 DE
611 541 758 594 OFFICIO
781 541 898 593 REGIS.

215 714 378 792 superiores
393 713 421 771 in
437 711 647 773 conventiculis
660 709 825 770 huiusmodi
840 726 894 786 pro
908 708 978 785 ipsis
988 705 1121 767 fovendis
1131 724 1216 765 man-

215 820 314 880 dando
339 818 483 878 mandent
506 828 609 877 contra
632 819 716 876 istam
743 815 830 875 Cristi
855 815 1045 886 sentenciam,
1066 832 1125 891 qua
1148 832 1216 891 pur-

215 938 332 1003 garetur
353 934 447 985 mater
467 935 576 995 nostra,
597 924 641 983 vel
662 922 797 982 invehere
817 922 862 981 vel
884 933 987 981 tacere.
1031 920 1089 980 Sed
1110 918 1216 979 nimis¹

215 1033 373 1110 irreligiose
389 1034 510 1092 summis
528 1031 725 1091 sacerdotibus
745 1029 836 1089 simile
851 1030 1076 1107 precipientibus
1094 1046 1217 1105 respon·

192 1141 318 1207 sderunt
346 1139 471 1216 apostoli
500 1139 580 1217 quod
608 1138 726 1197 obedire
755 1134 834 1196 deo'
861 1147 976 1212 oportet
1004 1135 1097 1212 magis
1126 1153 1216 1212 quam

56 1253 153 1302 Actsv.
217 1247 394 1317 hominibus,
418 1257 449 1305 ut
470 1256 548 1323 patet
565 1245 632 1305 Act.
656 1264 681 1304 v.
723 1244 801 1303 Ymo
822 1243 846 1303 si
867 1245 948 1302 iurati
970 1254 1036 1303 sunt
1057 1243 1217 1321 specialiter

219 1372 339 1413 romane
371 1354 502 1425 ecclesie,
530 1364 665 1411 tenentur
698 1353 802 1412 virtute
833 1351 988 1410 iuramenti
1019 1351 1130 1428 prestiti
1163 1351 1218 1409 sibi

218 1461 378 1538 specialiter
395 1460 441 1518 hic
461 1471 569 1536 optare,
584 1471 613 1518 et
631 1460 777 1536 principes
796 1459 905 1517 debent
922 1459 996 1517 scire
1014 1458 1095 1534 quod
1114 1457 1219 1516 mora³

205 1569 248 1626 in
262 1570 318 1628 isto
332 1567 410 1627 facto
425 1566 534 1626 nedum
549 1567 695 1643 perturbat
710 1584 801 1644 regna
816 1576 844 1624 et
859 1565 1021 1642 specialiter
1035 1566 1114 1642 ipsos
1129 1563 1219 1623 inficit

180 1701 211 1737 10
219 1694 256 1734 ex
271 1692 426 1746 consensu,
440 1673 492 1732 sed
514 1674 712 1749 progenitores
726 1690 828 1731 eorum
845 1672 955 1730 radices
971 1689 1103 1731 errorum
1117 1683 1217 1748 gravat

220 1782 347 1859 amplius
362 1799 422 1859 quo
436 1798 517 1840 error
531 1780 584 1839 iste
599 1780 773 1856 processerit
788 1779 975 1838 incorrectus.

548 2176 793 2239 CAPITULUM
815 2178 893 2238 Ixm.

264 2325 420 2386 Uaramus
441 2345 495 2403 pro
515 2327 731 2405 complemento
752 2327 831 2386 finali
851 2339 1008 2405 supersunt
1022 2327 1070 2386 alii
1083 2338 1222 2405 quattuor
1230 2341 1400 2446 mm

224 2438 354 2495 obiectus
382 2437 412 2494 in
440 2436 559 2495 materia
587 2436 623 2495 de
647 2437 728 2513 regia
755 2445 895 2513 potestate
923 2434 1013 2496 lacius
1036 2435 1421 2538 practicanffl·g‘}{¹,⁶ffl,¹,¹{f¹}{,

183 2563 195 2601 ι
200 2565 214 2615 5
224 2542 332 2614 Primo,
347 2544 474 2620 inquam,
490 2544 619 2620 arguitur
639 2553 740 2603 contra
753 2542 810 2604 hoc
824 2543 904 2620 quod
918 2561 987 2620 sepe
1003 2542 1106 2603 dicitur
1119 2562 1222 2621 quem·
1231 2547 1392 2599 kinsbrover·

223 2650 292 2709 libet
306 2649 413 2726 legium
428 2651 504 2727 regis
525 2650 630 2710 debere
646 2669 710 2710 esse
730 2651 855 2709 iuratum
872 2651 932 2727 regi
947 2662 977 2710 et
990 2668 1090 2728 regno.
1132 2619 1388 2714 Vide-iiiiiiiffiin'

323 2758 328 2770 .
452 2758 478 2790 't
530 2758 536 2771 .
962 2759 967 2770 .
1021 2758 1027 2771 .
1231 2723 1326 2784 wbereas
1339 2736 1360 2764 rn
1384 2721 1434 2763 doc-

223 2768 269 2816 tur
282 2777 361 2816 emm
376 2775 459 2835 sequr
492 2776 589 2834 primo
603 2757 683 2835 quod
702 2776 779 2835 papa
800 2776 867 2816 cum
889 2758 1093 2832 cardinahbus,
1112 2757 1221 2829 fratres,
1230 2772 1429 2875 ffgehvfflmogd

61 2872 96 2919 tu
108 2872 135 2918 b.
223 2876 252 2924 et
273 2865 320 2924 alii
342 2865 587 2942 exproprietarie⁶
601 2866 737 2937 viventes,
752 2864 860 2925 debent
875 2863 889 2896 *
905 2884 969 2925 esse
990 2866 1073 2924 iurati
1096 2865 1435 2968 “gibus-„gffffbfi'ffl

223 2971 334 3032 Ymmo
344 2991 361 3030 e
372 2985 475 3032 contra
489 2990 555 3032 cum
569 2990 648 3050 papa
661 2971 747 3032 habet
761 2973 839 3050 leges
852 2973 959 3050 quibus
973 2983 1089 3050 oportet
1103 2975 1422 3080 ornnem13:215„{igffigflss¹

184 3101 215 3137 20
224 3079 373 3137 subditum
387 3080 515 3152 obedire,
530 3079 641 3139 videtur
654 3079 735 3155 quod
748 3080 868 3157 quilibet
882 3080 955 3139 alius
969 3080 1122 3139 cristianus
1136 3079 1224 3139 debet
1231 3092 1293 3170 2⁶⁸⁰}
1292 3078 1348 3169 322
1353 3075 1414 3168 {2⁸¹²

135 3254 140 3260 ,
224 3204 288 3246 esse
311 3186 405 3263 legius
421 3186 512 3246 homo
535 3205 613 3259 suus,
629 3187 698 3264 quia
721 3186 813 3262 legius
836 3187 920 3264 quasi
945 3187 1002 3263 legi
1025 3187 1164 3260 subditus,
1179 3186 1224 3247 vel
1232 3176 1427 3272 fflffig'hgg

225 3292 317 3370 legius
344 3294 428 3370 quasi
457 3294 578 3370 legifero
604 3295 718 3372 ligatus.
761 3294 809 3354 Sic
836 3295 914 3353 enim
942 3294 1025 3353 iurati
1053 3303 1122 3353 sunt
1148 3279 1296 3371 paperem

63 3393 215 3441 romb.
224 3399 408 3477 lm*perator
421 3413 449 3460 et
463 3401 602 3478 episcopi,
617 3411 649 3459 ut
663 3410 742 3480 patet
755 3401 815 3460 lxiii
829 3401 867 3460 di.
909 3406 917 3432 ‘
931 3401 1000 3460 Tibi
1009 3398 1134 3473 domaira'
1148 3409 1177 3459 et
1193 3411 1227 3459 2⁰

61 3470 160 3519 noent.
467 3509 473 3521 ,
546 3509 552 3521 ,
952 3510 958 3523 ‚

62 3535 95 3583 D.
107 3545 188 3583 mn,
225 3507 375 3567 decretum
396 3508 442 3567 De
466 3527 525 3568 rure
544 3507 685 3567 rurando⁸
702 3518 752 3567 ca⁰
771 3508 837 3584 Ego
857 3507 897 3567 N
911 3519 1059 3585 episcopus.
1100 3509 1147 3568 Ex
1166 3527 1226 3587 quo

62 3599 182 3729 {3¹1st
226 3613 336 3673 videtur
355 3615 436 3692 quod
456 3616 486 3672 in
506 3616 577 3692 ipsis
592 3615 739 3674 iurentur⁷
753 3633 857 3675 omnes
877 3633 979 3674 eorum
1001 3615 1108 3675 subditi
1125 3627 1155 3677 et
1174 3635 1227 3694 per

61 3745 118 3796 Lib.
129 3688 163 3795 ff,
226 3740 411 3800 consequens
426 3722 531 3800 singuli
545 3723 592 3781 alii
607 3722 743 3781 cristiani.
786 3723 846 3783 Hic
860 3723 1030 3783 conceditur
1043 3737 1226 3802 assumptum

61 3811 113 3861 Tit.
125 3811 191 3861 niv.
227 3839 368 3907 tanquam
393 3830 542 3907 pertinens
565 3830 740 3906 principium
765 3830 803 3889 ad
831 3831 914 3907 regni
939 3831 1174 3905 stabilimentum,
1197 3844 1227 3892 et

61 3892 117 3941 Μ
227 3937 268 3996 sic
291 3955 367 4013 papa
391 3956 459 3996 cum
481 3937 582 3996 dicitur
606 3955 669 3996 esse
694 3938 821 3996 maxime
845 3936 938 4014 legius
962 3956 1064 4014 regum
1088 3948 1171 4009 terre,
1194 3948 1226 3997 ut

227 4054 306 4122 patet
321 4064 358 4104 err
372 4045 464 4116 dictis,
476 4045 563 4104 debet
578 4062 641 4104 esse
656 4044 782 4103 maxime
796 4044 904 4103 iuratus
918 4045 1043 4122 regibus.
1087 4044 1134 4104 Sic
1147 4046 1227 4105 enim

187 4175 219 4225 30
228 4152 310 4226 deus,
333 4153 405 4212 sicut
428 4151 481 4212 luit
503 4152 656 4228 obligatus,
676 4152 717 4210 sic
739 4162 768 4210 et
789 4152 898 4210 iuratus
920 4161 963 4210 est
976 4151 1104 4212 Abrahe.
1146 4151 1226 4214 Nam

263 4309 369 4360 ¹minus
380 4316 430 4374 pro
445 4310 526 4372 nimis,
540 4321 565 4360 u.
652 4306 776 4374 'oportet
792 4310 848 4372 deo,
859 4309 910 4359 ord.
923 4309 977 4361 inv.
989 4321 1014 4359 n.
1105 4308 1227 4362 ⁸morum

226 4395 365 4452 promota,
378 4399 404 4436 Α.
498 4387 605 4453 ‘primo
617 4389 692 4453 sequi,
710 4388 761 4439 ord.
774 4389 828 4439 inv.
846 4400 870 4438 u.
973 4389 1226 4456 ‘etanteexpada

230 4478 294 4527 A,s.
358 4465 521 4529 ‘juramento
527 4473 576 4531 pro
583 4465 637 4531 jure
645 4466 757 4532 jurando,
769 4478 793 4518 u.
861 4465 967 4532 'jurent
977 4474 1027 4533 pro
1037 4467 1156 4533 jurentur,
1167 4479 1193 4518 Α.
