3038 5198
507 536 555 585 DE
579 535 724 586 OFFICIO
749 536 865 585 REGIS.

189 692 267 752 dum.
313 692 370 753 Sed
385 712 440 752 nec
454 713 490 752 ex
506 693 693 765 revelacione,
709 712 763 752 nec
780 712 816 752 ex
835 692 890 751 fide
910 695 1058 770 scripture,
1074 713 1128 754 nec
1150 714 1186 754 ex

189 799 253 876 lege
275 799 451 875 inculpabili,
466 799 552 858 habet
576 801 616 858 sic
640 817 772 876 gwerans
791 818 845 876 pro
867 801 1074 886 temporalibus
1095 819 1187 879 usque

188 906 227 964 ad
250 907 483 965 interfeccionem
511 907 636 982 proximi
665 907 705 965 sic
736 923 875 981 pugnare.
917 906 997 983 Ergo
1025 907 1187 966 secundum

20 1007 177 1122 &alm
188 1012 284 1089 legem
307 1022 408 1071 nature
430 1012 487 1071 hoc
509 1011 581 1071 foret
604 1011 743 1070 illicitum.
786 1010 873 1072 Unde
895 1013 1062 1072 Aristoteles
1084 1024 1135 1072 ca⁰
1149 1013 1187 1072 rr¹

20 1149 48 1186 x,
187 1131 373 1189 secretorum,
401 1117 428 1176 O
451 1119 630 1177 Allexander
647 1119 814 1194 frequenter
842 1122 940 1176 monui
956 1117 999 1177 te²
1027 1126 1060 1177 ut
1078 1130 1189 1194 parcas

187 1227 351 1301 sangumem
365 1225 517 1282 humanum
532 1225 676 1302 effundere,
691 1225 760 1301 quia
775 1223 831 1284 hoc
847 1225 899 1292 soli
914 1224 972 1284 deo
987 1226 1122 1289 convenit
1136 1226 1186 1303 qui

187 1333 267 1390 novit
294 1331 390 1390 oculta
424 1331 564 1390 cordium.
615 1329 690 1388 Noli
714 1350 779 1406 ergo
806 1332 956 1389 attribuere
982 1332 1036 1389 tibi
1060 1333 1186 1392 deutrum

187 1437 313 1514 officriem.
369 1439 449 1497 Unde
470 1439 565 1495 doctor
584 1440 713 1513 egregias
727 1437 916 1512 Hermogenes
936 1440 1052 1513 scripsit
1070 1439 1186 1508 de'cens,·

189 1542 324 1614 ‘Quando
338 1549 470 1601 creatura
484 1543 617 1620 ritterfieit
628 1545 714 1600 altem
729 1543 786 1601 sibi
796 1546 922 1614 similem,
938 1546 1054 1602 virtutes
1067 1546 1186 1602 celorum

188 1650 313 1707 clamant
330 1650 371 1707 ad
390 1650 517 1707 debebam
533 1647 547 1680 *
563 1651 730 1706 maiestatem
745 1649 868 1718 debentes,
883 1650 997 1721 domem,
1011 1669 1109 1708 servus
1123 1657 1187 1710 tuus

188 1757 241 1815 wlt
265 1775 321 1814 esse
348 1756 400 1813 tibi
424 1756 534 1813 cimelii.
580 1754 686 1826 Quibus
714 1758 743 1812 si
768 1757 867 1813 e'rteieste
888 1757 1021 1832 interficit
1047 1759 1189 1834 respondet

188 1868 304 1933 creator,
325 1861 484 1919 Permittite
503 1880 562 1918 eum
584 1864 651 1936 quia
674 1861 860 1938 interficietur.
912 1861 1101 1921 Melitenam
1122 1866 1186 1922 νίπ-

187 1966 308 2025 deetom⁸
321 1973 348 2025 et
366 1986 414 2042 ego
431 1967 601 2025 retribuam!
642 1965 681 2023 Et
694 1976 772 2043 patet
786 1985 822 2025 ex
837 1967 894 2027 fide
911 1968 1015 2027 eadem
1029 1971 1184 2029 sentencia.
1193 2000 1216 2076 ἃ
1225 1985 1287 2027 raris
1296 1986 1386 2077 rfatres

1217 2050 1296 2077 esame
1315 2051 1390 2079 eston.

187 2072 272 2146 Quis,
299 2092 381 2149 rogo,
410 2073 568 2132 modernus
595 2091 741 2149 gwerrans
775 2072 863 2131 habet
898 2076 1109 2135 revelacionem
1136 2078 1373 2179 ''efflffissss‘sss'gt

146 2206 177 2257 ¹5
186 2189 353 2257 preceptum
368 2179 479 2237 domini
494 2179 574 2256 quod
589 2179 660 2239 deus
677 2179 797 2238 instituit
810 2198 877 2238 eum
892 2180 930 2239 ad
945 2191 1003 2239 tam
1019 2182 1383 2280 acriterdei{13:¹³3⁵¹:253?ssis

185 2287 319 2344 iniuriam
334 2286 562 2345 vindicandum?
604 2286 642 2344 Et
656 2294 779 2355 constat,
795 2287 850 2344 nisi
871 2287 1067 2362 principaliter
1087 2286 1322 2348 feceritvenamoe·

185 2411 221 2451 ea
248 2393 424 2462 intencione,
453 2403 496 2451 est
520 2410 629 2468 gwerra
658 2391 763 2450 illicita.
807 2390 886 2450 Ymo
914 2393 968 2451 nisi
998 2394 1185 2470 principalius
1195 2405 1402 2498 {etipsehinttssffigre

185 2498 285 2559 lecerit
312 2516 348 2558 ex
378 2499 493 2558 caritate
521 2516 609 2575 quam
634 2496 723 2556 habet
745 2497 782 2555 ad
807 2498 922 2557 invasos
946 2516 1001 2574 pro
1025 2500 1185 2576 mitiganda
1194 2507 1359 2599 ffffi‘smi'

186 2623 288 2664 eorum
316 2605 431 2664 malicia
459 2622 547 2681 quam
582 2615 700 2681 propter
736 2604 894 2663 comodum
930 2605 1089 2682 temporale
1124 2616 1186 2666 tota

147 2737 178 2773 ao
187 2730 307 2789 pungna
321 2711 543 2786 dampnabiliter
556 2719 600 2770 est
614 2710 726 2769 infecta.
771 2709 799 2767 N
802 2729 849 2768 am
864 2711 982 2786 quilibet
993 2712 1084 2771 viator
1100 2713 1185 2771 debet

186 2821 250 2896 capi
265 2837 283 2876 a
297 2818 397 2878 seculo
419 2836 472 2894 pro
496 2828 626 2894 tempore
640 2818 684 2875 vie
710 2834 769 2894 quo
792 2828 835 2876 est
857 2818 951 2894 magis
974 2818 1125 2877 laudabilis
1141 2820 1186 2878 vel

187 2927 283 2983 minus
297 2924 459 3002 culpabilis,
470 2923 513 2982 vei
528 2925 631 2982 saltem
646 2941 700 2999 pro
714 2924 805 2982 modo
819 2932 847 2982 et
862 2934 992 3001 tempore
1013 2943 1101 3001 quem
1115 2925 1187 2985 deus

20 3048 50 3094 ο.
186 3032 336 3109 approbat.
380 3030 438 3088 Sed
464 3030 502 3089 ad
527 3030 582 3088 hoc
611 3048 671 3089 non
704 3029 827 3088 attendit
855 3031 1000 3106 predictus
1029 3031 1157 3090 camilex
1166 3029 1186 3092 ⁴.

186 3138 259 3197 Ideo
270 3148 314 3197 est
325 3138 497 3214 culpandus
509 3156 569 3196 non
583 3137 662 3195 enim
674 3137 816 3212 ingereret
828 3154 859 3194 se
873 3136 911 3194 ad
922 3146 981 3195 tam
992 3138 1185 3214 periculosum

147 3267 177 3317 ²5
187 3245 346 3304 cauterium
374 3243 480 3302 nobilis
507 3244 637 3320 corporis
672 3241 792 3300 humani
826 3244 940 3319 generis
976 3244 1030 3302 nisi
1066 3244 1185 3304 haberet
1195 3269 1231 3309 Η.
1240 3267 1288 3310 who
1297 3268 1379 3319 mu„

185 3351 386 3410 auctoritatem
405 3368 423 3408 a
445 3350 565 3409 domino
588 3349 644 3409 hoc
666 3349 824 3407 mandante
847 3358 876 3407 et
898 3359 991 3407 artem
1006 3368 1023 3408 a
1037 3350 1134 3409 Cristo
1153 3352 1183 3408 in
1193 3320 1384 3413 diffidam.

185 3458 303 3516 caritate
317 3465 422 3515 cuncta
437 3467 537 3515 nostra
550 3473 640 3531 opera
655 3455 716 3513 lieri
731 3454 872 3513 edocente
882 3455 901 3513 ⁵.
946 3455 1091 3514 Neutrum
1105 3457 1182 3515 enirn
1192 3420 1370 3564 {33:332}ss

185 3564 306 3623 istorum
331 3563 436 3621 sufficit
458 3564 520 3621 sine
546 3563 667 3639 reliquo,
689 3563 762 3620 sicut
782 3561 862 3620 lesus
888 3572 985 3621 noster
1007 3563 1098 3621 noluit
1123 3565 1185 3622 sine

187 3670 332 3730 divinitate
361 3679 389 3728 et
417 3668 596 3727 humanitate
634 3667 861 3744 inseparabiliter
893 3670 1059 3729 coniunctis
1093 3689 1186 3747 genus

143 3793 176 3845 30
186 3777 349 3837 humanum
374 3776 524 3834 redimere.
567 3775 631 3834 Nec
659 3774 749 3833 homo
778 3775 864 3834 debet
892 3776 954 3834 sine
982 3777 1043 3835 istis
1071 3776 1185 3836 duabus

184 3886 273 3943 vitam
296 3883 458 3942 naturalem
487 3882 579 3941 lratris
600 3882 721 3959 perdere
730 3883 748 3940 ⁶.
792 3880 829 3939 Et
850 3883 974 3940 breviter
995 3894 1058 3941 tota
1080 3893 1182 3941 natura
1191 3912 1226 3954 art
1234 3913 1356 3956 „mm

183 4001 281 4050 creata
295 4001 337 4048 est
352 3989 423 4047 liber
444 3989 589 4059 naturalis,
602 3989 702 4047 dicens
723 3987 808 4047 nobis
830 3988 979 4064 quomodo
1001 3964 1393 4065 secundumlfflffliffiiiss

183 4096 355 4175 religionem
383 4096 549 4155 cristianam
581 4094 670 4154 deum
698 4104 830 4152 nostrum
858 4104 887 4151 et
913 4093 1015 4152 fratres
1039 4064 1380 4157 debemusssiiiliriilii

19 4206 173 4321 {matem-
183 4205 310 4280 diligere,
340 4203 452 4262 dicente
477 4202 657 4261 Crisostomo
686 4199 793 4259 omelia
823 4218 858 4257 aa
887 4200 983 4274 operis
1004 4200 1180 4276 imperfecti;

218 4350 369 4409 ¹xv,A,n,
434 4349 590 4408 'terma
657 4347 875 4407 'vindicatamm
941 4346 1180 4408 ‘camiseam

184 4427 194 4457 ⁸
211 4427 364 4482 edocentem.
377 4440 403 4476 Α.
471 4426 481 4455 ⁸
498 4429 527 4476 in
540 4443 618 4489 rerarg.
632 4427 707 4487 Nota,
721 4440 747 4477 Α.
813 4423 822 4452 ¹
840 4425 954 4476 secundo.
968 4439 992 4476 Α.
