3030 5212
591 525 641 577 na
663 525 811 579 orrrcro
834 525 952 579 naurs.
1418 523 1481 595 253

276 690 357 742 enter
371 681 535 761 Imperator
549 691 687 762 tanquam
707 685 868 762 plasmator
881 695 960 746 secte
973 703 1050 745 nove
1069 681 1273 744 constituendo
1282 688 1408 792 pppgpvyvbo
1422 697 1483 734 tum

275 788 406 850 fundavit
428 791 580 851 ecclesiam
602 809 690 869 super
710 793 796 853 bonis
820 791 943 852 fortune.
983 791 1056 852 Ideo
1082 800 1179 851 textus
1206 789 1275 850 dicit

275 898 358 974 quod
372 897 472 959 divisio
486 899 579 976 quarti
592 899 674 976 regni
689 900 760 959 sicut
779 899 890 959 articuli
904 900 986 960 testei
1000 899 1036 959 de
1050 898 1194 976 plantario
1207 897 1275 958 ferri

276 1003 427 1075 orirentur,
454 1023 522 1064 cum
549 1016 652 1065 notum
679 1006 717 1067 sit
743 1006 931 1067 dotacionem
958 1006 1044 1066 istam
1071 1005 1209 1082 originari
1237 1005 1276 1066 de

252 1110 395 1176 sbrachio
409 1111 537 1170 seculari.
577 1112 617 1171 Et
631 1113 714 1173 sicud
732 1113 838 1191 figulus
854 1132 907 1191 per
926 1113 1025 1190 ignem
1040 1113 1175 1185 exsiccat,
1188 1112 1274 1190 fragi-
1283 1118 1457 1214 {gemm

276 1217 346 1289 litat,
361 1229 390 1277 et
404 1229 522 1279 sonorat
535 1220 687 1279 materiam
700 1220 816 1292 luteam,
832 1221 873 1280 sic
891 1219 1007 1281 dotator
1025 1219 1192 1298 superbire¹
1206 1219 1354 1314 iacitgeoe»
1364 1222 1435 1262 ΜΕ

1365 1273 1372 1312 1
1410 1271 1432 1312 in
1481 1308 1482 1311 ,

277 1325 430 1386 deficiente
456 1326 580 1387 humore
604 1327 699 1405 gracie
727 1326 835 1386 clerum
862 1327 912 1403 qui
939 1327 1010 1404 per'
1034 1335 1102 1385 ante
1129 1326 1275 1386 humiliter
1283 1273 1401 1365 ¹³23&
1409 1321 1473 1372 ³³¹⁰?

278 1433 400 1493 cedebat
419 1435 506 1494 tactui
526 1435 742 1512 persequentis;
763 1442 792 1492 et
810 1434 852 1493 sic
868 1452 921 1510 per
943 1433 1041 1511 ignem
1062 1435 1203 1511 superbie,
1217 1451 1276 1511 que
1283 1388 1322 1467 ἒξ
1329 1373 1426 1476 affl
1434 1373 1472 1414 ‘h‘

278 1557 392 1617 semper
418 1541 558 1613 ascendit,
580 1540 673 1601 clerus
698 1539 790 1601 lactus
814 1551 859 1601 est
882 1539 1003 1618 fragillis
1027 1551 1056 1601 et
1081 1543 1276 1602 contencione

239 1667 271 1703 10
279 1665 402 1707 sonorus
410 1647 429 1721 ⁸,
444 1666 505 1707 non
526 1647 657 1708 recolens
678 1648 830 1725 quomodo
850 1650 961 1726 primus
981 1649 1130 1726 plantator
1150 1648 1277 1710 hominis

112 1753 188 1804 Mitt
200 1754 244 1804 xit
278 1753 380 1813 lesus*
394 1766 493 1815 noster
506 1755 595 1815 habet
613 1755 812 1816 testimonium
827 1756 864 1815 de
878 1757 979 1832 spiritu
1001 1765 1102 1815 sancto
1118 1754 1274 1816 Mattb.1a

114 1833 154 1886 ¹⁹
278 1860 333 1919 sub
347 1859 402 1920 hiis
415 1862 525 1921 verbis:
546 1864 617 1922 Nan
631 1864 770 1921 contendet
782 1882 879 1938 necque
891 1863 1024 1920 clamabit
1034 1882 1118 1938 neque
1128 1862 1233 1938 ale'quis
1247 1863 1278 1920 in

272 1968 369 2044 platea
391 1969 486 2025 auda'et
504 1987 594 2027 aecem
616 1971 683 2027 ecies.
725 1968 791 2028 Nec
811 1968 931 2027 dubium
955 1967 1026 2046 quin
1044 1968 1120 2046 ignis
1143 1966 1277 2043 superbie

278 2086 399 2134 excecat
409 2093 494 2153 reges
507 2084 582 2134 terre
596 2074 634 2134 ad
648 2074 897 2152 magnificandum
918 2075 959 2135 sic
981 2074 1147 2134 seculariter
1167 2073 1279 2134 clerum

241 2199 374 2263 15suum.
416 2181 475 2241 Sed
497 2200 558 2242 non
582 2181 630 2241 wlt
650 2199 724 2254 esse,
747 2198 815 2240 cum
839 2181 917 2241 racio
941 2180 1010 2240 cleri
1039 2189 1068 2240 et
1090 2180 1170 2240 racio
1192 2180 1279 2240 civilis

280 2288 401 2347 dominii
414 2287 591 2348 contradicit.
631 2288 704 2347 Ideo
718 2286 788 2346 dicit
801 2297 897 2346 textus
907 2287 1049 2365 prophete
1063 2287 1279 2347 conticebuntur

279 2395 388 2471 queiiem
408 2396 531 2454 hemana
543 2397 668 2463 senine,·
688 2394 806 2453 sednon
823 2393 984 2453 coheredum
1001 2395 1060 2452 sibi
1078 2397 1151 2453 secut
1157 2395 1278 2472 ferrura

281 2502 461 2560 mricerr'nan
474 2508 564 2579 potest
582 2507 653 2562 teste.
694 2500 774 2561 Nam
788 2518 857 2560 caro
871 2510 900 2560 et
913 2501 1032 2578 sanguis
1049 2501 1209 2561 revelarunt
1222 2499 1277 2559 hec

282 2606 343 2666 fieri
364 2617 392 2668 et
411 2625 473 2667 non
493 2625 594 2668 semen
615 2608 761 2686 spirituale
782 2608 862 2687 quod
882 2617 927 2668 est
940 2609 1061 2667 verbum
1074 2607 1148 2668 Dei:
1170 2616 1198 2666 et
1211 2605 1279 2666 hinc

242 2743 275 2779 20
282 2712 443 2790 procedunt
459 2713 490 2772 in
509 2715 701 2791 generacione
721 2715 791 2774 cleri
811 2715 942 2775 carnales
963 2715 1013 2774 filii
1032 2733 1069 2774 ex
1091 2714 1280 2791 sanguinibus

283 2819 444 2879 secuudum
457 2819 636 2881 voluntatem
658 2822 754 2881 carnis
775 2831 805 2880 et
818 2821 877 2892 viri,
895 2834 924 2880 et
938 2839 997 2881 non
1012 2839 1049 2880 ex
1063 2820 1120 2880 deo
1141 2830 1281 2898 tanquam

282 2925 333 2984 filii
346 2924 408 2985 eius
422 2925 558 3003 adoptivi.
600 2925 762 2999 Quomodo
784 2928 881 3005 itaque
902 2927 987 2987 stabit
1009 2945 1134 3004 regnum
1155 2926 1236 3005 quod
1250 2926 1280 2984 in

118 3046 155 3094 Κ.
282 3032 417 3092 articulos
430 3043 491 3092 tam
504 3033 640 3094 dissonos
654 3044 699 3093 est
712 3033 855 3092 divisum?
897 3032 1005 3093 Tercio
1025 3043 1107 3094 notat
1127 3033 1230 3093 doctor
1243 3051 1355 3094 exarat
1364 3050 1454 3104 potata

282 3150 363 3199 textu
387 3140 529 3217 prophete
551 3139 702 3218 quomodo
723 3141 799 3218 lapis
823 3158 912 3219 quem
935 3139 1005 3199 vidit
1028 3158 1079 3199 rex
1101 3141 1225 3199 abeceias
1247 3104 1489 3238 dessgezffiffi'uom

121 3279 133 3315 r
147 3266 206 3317 Cor.
217 3255 370 3331 x.4nante
382 3250 441 3306 sinc
454 3247 590 3319 ananelus,
604 3259 636 3307 ut
649 3247 719 3307 dicit
739 3247 889 3325 apostolus
902 3247 933 3305 1⁸
947 3246 1016 3307 Cor.
1030 3256 1074 3320 x0,
1088 3253 1151 3306 crat
1166 3245 1278 3306 Creitus
1286 3228 1469 3330 ξξξξζξξοζξῃῗξ
1484 3282 1486 3286 ⁴

283 3354 333 3432 qui
344 3365 388 3433 est
398 3353 472 3431 lapis
482 3353 725 3415 fundamentalis⁸
734 3355 840 3414 domus
854 3355 983 3426 ecclesie,
997 3364 1026 3414 et
1039 3353 1133 3414 lactus
1147 3355 1177 3412 in
1191 3327 1480 3431 caputffi22'0‘2fffi,

119 3474 181 3523 nou
189 3475 276 3526 1741).
283 3458 401 3538 an*guli
415 3463 562 3522 connectit
576 3473 605 3521 et
619 3463 683 3521 unit
696 3462 772 3521 duos
786 3462 912 3538 parietes
930 3480 966 3520 ex
981 3461 1116 3538 gentibus
1130 3471 1160 3519 et
1174 3442 1368 3519 Iudeis.⁰⁰'⁰“’

123 3598 133 3633 1
148 3582 202 3632 Pet.
215 3583 241 3632 it
251 3583 275 3634 8.
284 3567 352 3645 lpse
373 3578 470 3627 autern
493 3567 654 3628 secundum
668 3586 770 3629 vocem
791 3569 869 3628 beati
884 3567 961 3627 Petri
973 3568 1068 3644 prima
1089 3567 1232 3626 canonica
1246 3577 1281 3626 2⁰
1290 3578 1349 3621 ‘rue
1358 3586 1418 3621 eone
1427 3577 1453 3620 ot

283 3684 336 3733 ca⁰
349 3684 394 3732 est
407 3675 480 3750 lapis
493 3676 648 3753 oſj'enscbnis
660 3681 777 3752 etpetra
792 3676 925 3733 scandali
936 3673 990 3732 biis
1004 3674 1054 3751 qui
1067 3683 1170 3733 contra
1183 3672 1280 3750 legem
1288 3630 1465 3722 {inffabilia

243 3797 369 3854 gosuam
395 3781 582 3842 recalcitrant.
624 3783 684 3842 Hic
708 3781 783 3859 lapis
806 3781 894 3841 crevit
919 3781 948 3840 in
972 3789 1104 3839 montem
1128 3731 1480 3856 magnumwnuhae'

119 3915 154 3966 Β,
166 3914 193 3965 52
205 3927 229 3964 2,
285 3888 353 3966 quia
367 3886 446 3947 Yesa
468 3898 501 3947 2⁰
516 3888 665 3947 scribitur:
684 3889 761 3948 Erit
771 3889 802 3945 in
821 3888 982 3946 naveisinis
1002 3885 1096 3944 diebus
1108 3893 1282 3963 preparatas

285 4013 363 4054 mons
383 3994 507 4053 Dome'ni
523 3997 555 4054 in
574 3995 690 4054 vertice⁸
704 3996 851 4066 monrium,
866 4000 894 4051 et
912 3994 1063 4052 elevabitur
1082 4002 1166 4068 super
1179 3992 1282 4060 coller,·

285 4103 410 4181 ctfluent
421 4101 463 4158 ad
472 4121 532 4160 eun
546 4120 636 4159 annes
645 4106 748 4176 gentes.
783 4099 843 4160 Hic
858 4100 932 4177 lapis
945 4099 1068 4178 percutit
1081 4107 1110 4158 et
1121 4097 1283 4157 conminuit

120 4223 156 4274 12.
170 4223 197 4273 li.
210 4235 236 4286 4.
284 4209 339 4269 ista
358 4226 457 4286 regna,
474 4208 543 4287 quia
556 4207 625 4267 Yes.
647 4216 682 4266 2⁰
702 4207 807 4268 dicitur
823 4207 904 4284 quod
922 4207 953 4264 in
973 4205 1073 4266 diebus
1093 4205 1155 4265 eius
1176 4203 1284 4263 debent

320 4365 508 4431 ¹superbie,a.
584 4363 758 4430 ’penante
836 4361 1041 4419 'sonorosaaa
1125 4359 1223 4410 ‘etsie
1234 4366 1283 4424 pra

289 4444 365 4509 lesus,
377 4457 404 4498 Α.
469 4446 479 4476 ³
496 4444 637 4505 laudabilis,
650 4454 673 4494 u.
740 4445 750 4474 ⁸
766 4440 890 4500 verticem,
902 4453 928 4493 tt.
