3030 5212
588 489 637 541 DE
661 489 807 542 OFFICIO
831 490 949 541 REGIS·
1431 487 1472 556 29

266 651 386 713 ecclesie
413 650 500 708 nimis
527 648 660 707 retardat
702 648 785 707 Patet
813 647 961 707 secundo¹
982 644 1063 723 quod
1084 643 1150 703 talis
1170 642 1263 720 dupli·
1272 656 1301 747 po
1301 653 1369 756 3:13}
1377 655 1467 746 aspin

267 770 348 818 catus
375 757 495 816 clericus
522 767 567 814 est
588 753 748 814 secundum
776 765 928 830 utramque
956 752 1126 828 dignitatem
1155 750 1452 848 simpli-geffpoqtgffi

267 881 332 922 cem
365 862 564 931 honorandus,
592 861 644 921 sed
679 860 775 918 minus
808 871 926 936 propter
952 860 1118 927 mixturam,
1147 857 1264 915 racione
1272 866 1401 947 gfflffi
1401 856 1438 954 gf

267 970 348 1028 cuius
373 980 522 1043 tamquam
543 967 585 1024 vir
605 966 713 1042 duplex
738 967 838 1024 animo
857 983 971 1042 ponens
995 964 1141 1023 maculam
1162 964 1191 1020 in
1212 980 1264 1021 sua
1272 957 1448 1058 ξζζίζξζιῖζῗξ

244 1074 357 1152 5gloria
371 1084 415 1132 est
434 1072 604 1149 culpandus.
645 1071 684 1130 Et
702 1069 826 1130 utinam¹
842 1090 897 1130 nos
918 1072 1084 1130 sacerdotes
1103 1071 1263 1147 aspirantes
1271 1057 1454 1149 glffief'mh’

266 1180 303 1239 ad
317 1180 460 1239 honorem
475 1178 634 1237 secularem
649 1188 677 1236 et
690 1179 752 1236 eius
765 1177 936 1247 dominium,
951 1195 1018 1235 cum
1033 1176 1210 1235 secularibus
1224 1174 1263 1232 ad

266 1287 336 1344 illud
363 1286 534 1356 iuvantibus,
564 1283 778 1342 attenderemus
809 1283 933 1360 perfecte
962 1285 1048 1341 istam
1074 1283 1261 1342 sentenciam.

266 1392 354 1452 Tunc
377 1393 457 1450 enim
482 1391 731 1451 conformaremur
754 1390 943 1467 triumphanti
966 1391 1096 1463 ecclesie,
1116 1388 1449 1495 consider-ggiglgpique

103 1508 250 1574 Esmavto
266 1509 347 1557 antes
358 1498 437 1569 illud,
450 1497 557 1556 Hester
565 1498 616 1567 vio,
625 1495 676 1556 Sic
688 1496 871 1555 honorabitur
880 1516 956 1572 quem
968 1517 1024 1556 rex
1037 1516 1133 1573 regum
1148 1495 1471 1586 volueritglffgfffiffff·

228 1623 259 1663 ιο
266 1606 410 1663 honorare.
445 1603 524 1675 Quia
538 1603 657 1662 indubie
670 1621 707 1661 ex
721 1601 911 1673 deformitate,
926 1603 1027 1679 quain
1041 1596 1473 1688 honorificenciag‘gff‘ggss‘fffiu‘

266 1711 450 1769 adversamur
484 1709 636 1768 infideliter
663 1719 692 1768 et
720 1708 877 1784 proditorie
911 1708 1032 1767 ecclesie
1066 1708 1262 1784 triumphanti,
1272 1696 1323 1787 {123¹
1333 1709 1466 1789 ,heffiffi

266 1835 366 1876 sumus
380 1815 582 1892 dampnabiles
599 1815 655 1874 nisi
669 1814 814 1873 fructuose
835 1816 995 1890 penitentes
1009 1816 1047 1872 ab
1062 1815 1115 1873 ista
1129 1815 1262 1873 mendaci
1271 1796 1408 1848 “imm‘'

266 1936 295 1983 et
308 1924 416 1982 infideli
430 1923 580 1981 blasfemia
598 1933 781 1981 revertamur.
823 1920 861 1981 Et
875 1922 960 1980 istam
981 1922 1158 1980 sentenciam
1173 1921 1474 2017 incul·}},¹‘„⁰,{{¹²{2¹;}¹“·

267 2041 364 2089 catam
375 2030 498 2088 breviter
509 2031 571 2089 sine
585 2028 685 2088 formis
696 2040 932 2105 argumentorum
942 2028 1031 2087 credo
1042 2046 1105 2088 esse
1115 2039 1174 2087 tam
1189 2028 1264 2088 clare
1273 2026 1436 2118 gffiedffl·

229 2149 258 2201 15
268 2135 523 2195 demonstrabilem
534 2154 571 2194 ex
582 2135 731 2212 principiis
745 2134 821 2205 fidei,
832 2135 906 2193 sicut
916 2136 945 2192 in
960 2152 1015 2193 suo
1025 2153 1133 2211 genere
1147 2135 1265 2194 conclu·
1274 2089 1472 2177 ⁶⁰⁶¹⁷l¹¹⁸⁰⁰²¹¹ibs

1274 2191 1298 2219 as
1307 2177 1463 2218 demonstrabis

269 2242 382 2301 sionem
403 2241 529 2318 aliquam
548 2241 747 2311 doctrinalem,
768 2241 841 2299 sicut
857 2240 1050 2298 demonstrari
1069 2251 1163 2317 potest
1184 2241 1264 2318 quod
1274 2227 1415 2268 evenmnn
1424 2226 1461 2267 ‘¹²‘

1273 2278 1468 2330 seculararmmy

268 2347 421 2406 brachium
435 2347 573 2418 seculare,
587 2347 668 2424 quod
687 2358 731 2405 est
752 2345 902 2406 brachium
920 2345 1038 2406 inferius
1060 2347 1104 2405 vel
1118 2347 1264 2406 sinistrum
1273 2327 1435 2429 ffii'ssmy

1394 2377 1431 2419 the

268 2453 368 2512 matris
377 2453 507 2523 ecclesie,
519 2452 628 2511 nedum
639 2452 749 2529 potest³
760 2452 866 2511 mereri
876 2452 1083 2510 beatitudinem
1095 2452 1264 2512 auderendo
1273 2392 1430 2538 {ffliiriss
1442 2527 1447 2538 .

269 2560 414 2618 caritative
432 2559 601 2636 temporalia
617 2559 723 2636 quibus
741 2558 891 2617 brachium
909 2558 1042 2618 dextrum
1059 2570 1195 2619 oneratur
1213 2528 1476 2638 sediliin'uiifieitss,

228 2667 399 2726 actenetur⁴
419 2665 449 2722 in
472 2683 541 2723 casu
567 2664 621 2723 sub
649 2682 726 2740 pena
753 2663 976 2740 dampnacionis
1003 2665 1150 2742 utriusque
1177 2628 1463 2771 partisissnpiiiiiib

1287 2743 1301 2772 o
1334 2742 1384 2782 orna
1393 2742 1425 2773 so.

269 2781 397 2832 attomos
418 2772 523 2848 quibus
541 2771 704 2829 maculatur
719 2770 842 2830 ecclesia
865 2770 937 2830 sic*
964 2771 1095 2831 aufferre.
1136 2771 1175 2832 Et
1198 2792 1265 2833 cum

269 2889 352 2955 pater
366 2877 508 2935 mendacii
524 2877 565 2936 sic
579 2877 686 2936 cecavit
706 2886 822 2935 nostros
835 2877 999 2953 prepositos
1013 2878 1093 2953 quod
1110 2891 1268 2955 procurant

270 2993 299 3043 et
327 2983 488 3043 defendunt
519 3001 625 3042 omnes
652 2982 716 3041 illos
744 3000 808 3041 esse
841 2982 982 3042 hereticos
1010 2985 1060 3061 qui
1088 2985 1195 3044 docent
1223 2987 1268 3047 vel

270 3100 403 3149 assenmt
417 3090 497 3167 quod
510 3090 594 3148 liceat
615 3088 736 3148 seculari
753 3088 873 3147 brachio
894 3090 1126 3165 possessionatos
1147 3092 1268 3153 clericos

136 3234 143 3249 .
229 3213 260 3263 ²5
271 3197 312 3256 sic
327 3197 442 3268 iuvare;
463 3206 492 3255 et
516 3207 613 3254 tamen
633 3206 745 3255 certum
759 3206 810 3266 est,
827 3196 850 3253 si
872 3196 966 3256 clerici
985 3199 1192 3273 possessionati
1206 3218 1268 3258 non

271 3313 407 3380 poterunt
430 3303 471 3361 sic
496 3301 586 3360 iuvari
607 3321 625 3360 a
647 3301 734 3374 laicis,
757 3311 823 3360 sunt
845 3320 958 3361 summe
981 3303 1115 3364 indurata
1136 3308 1268 3366 membra

271 3407 395 3480 diaboli,
417 3419 446 3466 et
475 3408 516 3467 sic
544 3407 702 3485 phariseice
731 3408 861 3466 colamus
889 3408 1011 3468 culicem
1039 3421 1069 3469 et
1092 3410 1268 3487 deglutimus
1277 3420 1414 3514 {petpipeutpp
1421 3436 1477 3516 a

271 3514 424 3584 camelum,
446 3512 595 3572 horrentes
622 3514 652 3571 in
680 3514 879 3573 sacerdotibus
906 3515 1075 3592 corporale⁵
1099 3518 1269 3595 coniugium
1277 3521 1460 3624 &3:323ng

271 3631 303 3679 ut
330 3637 484 3691 venenum,
513 3620 564 3678 sed
591 3620 829 3696 negociacionem
859 3621 952 3680 eciam
984 3623 1173 3683 simoniacam
1201 3643 1268 3684 cum
1277 3623 1452 3724 ffigfgffffiffl

229 3741 263 3792 30
271 3737 541 3804 quantumcumque
573 3726 693 3785 seculari
725 3728 949 3787 conversacione
970 3738 1110 3806 tanquam
1132 3732 1268 3808 tyriacam
1277 3724 1463 3824 ζξξαξῗῇξξὲξ

272 3832 433 3893 sanativam
447 3851 482 3891 ac
502 3831 680 3892 defensivam
701 3833 819 3892 ecclesie
840 3835 1047 3910 approbamus.
1088 3836 1268 3913 Augustinus
1276 3822 1352 3916 ξ’ἔὲζῑ
1361 3827 1452 3880 vormy

271 3948 367 3999 autem
379 3949 506 3998 econtra
516 3940 546 3997 in
560 3940 591 3998 de
600 3939 783 4014 questionibus
796 3942 894 3998 veteris
908 3948 934 3999 e!
944 3960 1010 3999 nove
1023 3941 1099 4017 legii,
1111 3954 1268 4021 postquam

105 4059 173 4123 Aug.
270 4045 387 4104 racione
401 4045 551 4121 multiplici
565 4045 698 4122 probavit
712 4045 880 4121 coniugium
898 4047 978 4106 essel
997 4058 1040 4106 est
1061 4048 1213 4122 laudabile,
1229 4052 1365 4159 εἰετιιιῑςιῑέ,
1375 4067 1478 4160 throuflp.

1277 4131 1321 4169 ou,
1355 4132 1429 4160 evrew
1437 4133 1451 4161 o

104 4124 200 4237 ἓξὲξ
272 4151 429 4211 subinfert:
451 4150 495 4209 Et
501 4159 533 4210 ut
544 4152 593 4210 hoc
607 4153 664 4210 loco
674 4153 786 4228 ali'quid
796 4153 827 4210 de
840 4155 970 4231 apostolti
983 4155 1103 4228 dikatur,
1118 4158 1160 4214 ad
1170 4153 1267 4240 [quod]
1279 4167 1338 4211 seint
1348 4169 1475 4222 ameum

103 4253 174 4305 Μ’
189 4261 244 4315 ¹²⁷⁸
305 4292 389 4357 ¹ergo
395 4302 444 4357 pro
456 4295 571 4354 secundo,
584 4306 607 4346 n.
657 4295 759 4344 ’nuum
772 4304 821 4360 pro
832 4297 934 4354 utinam,
947 4310 973 4345 Α.
1023 4295 1132 4348 ’mereri
1144 4306 1232 4363 potest,
1245 4312 1269 4351 s.

272 4372 281 4401 ¹
299 4380 358 4422 tunc
368 4380 418 4437 pro
430 4380 532 4434 tenetur,
546 4385 568 4421 a.
635 4373 645 4401 ³
662 4373 768 4436 carnale,
781 4386 804 4422 n.
870 4372 879 4400 ⁸
895 4383 946 4424 este
958 4383 1007 4440 pro
1018 4390 1077 4438 esse,
1090 4390 1116 4426 Α.
