3038 5198
631 512 680 561 DE
703 511 850 563 OFFICIO
874 510 992 562 REGIS.

318 670 393 730 Gen.
411 682 464 728 22⁰
483 670 602 748 legitur:
629 671 690 728 Per
708 676 803 728 memet
823 673 912 746 rpsunr
931 672 1037 741 ricravi,
1054 671 1123 728 dr‘cr'!
1136 671 1223 728 deus:
1248 672 1316 745 quia
1327 685 1392 736 cm
1405 688 1462 737 nii,

305 780 478 856 secr'str'rent
497 779 578 848 hanc,
593 784 620 834 el
638 797 693 834 non
710 779 860 852 peperctilr'
870 777 956 855 filr'o'
973 779 1114 853 unigenito
1128 784 1245 853 propter
1265 797 1315 848 me,
1328 750 1367 799 ¹⁶·

107 895 308 987 lbegsbfflm
316 885 503 962 multiplicabo
517 904 604 941 semen
619 891 696 941 luunt
717 887 790 941 sicul
807 885 902 941 stellas
915 886 973 942 celi.
1016 883 1103 943 Unde
1123 883 1315 959 correspond-

106 957 244 1089 ἕξειὲξει·
316 1004 397 1052 enter
412 991 567 1051 dicendum
582 1002 625 1050 est
640 991 677 1049 de
691 991 853 1050 iuramento
874 991 946 1049 sicut
961 991 1071 1049 dictum
1092 1001 1136 1049 est
1156 990 1192 1048 de
1213 991 1315 1050 obedi·

105 1113 290 1207 wegffiy
315 1100 406 1170 encia,
431 1098 468 1157 de
492 1099 685 1174 obligacione,
710 1108 738 1156 et
766 1096 874 1157 debito.
915 1097 953 1156 Et
979 1099 1020 1156 sic
1045 1097 1147 1173 triplex
1171 1108 1215 1156 est
1239 1099 1338 1171 iura-5

105 1215 463 1318 {griggpfflgpigmentumz
486 1206 593 1264 scilicet
607 1206 726 1264 maioris
748 1205 786 1263 ad
806 1206 957 1276 minorem,
972 1205 1093 1265 minoris
1107 1205 1145 1263 ad
1162 1205 1313 1272 maiorem,

104 1317 343 1372 ernaltoaneaualet
365 1315 443 1390 paris
465 1313 503 1372 ad
526 1331 636 1389 parem.
680 1312 737 1371 Sed
761 1313 865 1389 triplex
887 1324 931 1372 est
957 1314 1151 1371 iuramentum
1175 1323 1314 1384 creatum,

104 1392 307 1495 ffiffiffir,
315 1421 424 1481 scilicet
436 1421 590 1497 spirituale,
606 1418 743 1478 sensibile
759 1418 923 1491 confusum,
938 1432 968 1479 et
981 1420 1116 1478 sensibile
1139 1420 1314 1478 distinctum.

103 1495 456 1596 ffiiimymsibile
479 1537 577 1585 autem
601 1527 797 1584 iuramentum
821 1527 933 1586 videtur
958 1546 1059 1604 sapere
1081 1525 1245 1585 civilitatem
1267 1524 1312 1584 vel

103 1597 273 1723 m
314 1636 544 1695 declinacionem
559 1653 577 1691 a
590 1643 665 1692 statu
680 1632 860 1702 innocencie,
876 1652 1072 1710 necunquam
1086 1635 1243 1693 comittitur
1257 1633 1312 1691 nisi
1325 1650 1358 1685 10

102 1720 467 1824 ffldssvffiffsaoccasione
490 1740 613 1810 malicie,
634 1740 744 1799 scilicet
758 1739 802 1798 vel
825 1752 856 1797 ut
879 1751 991 1816 aptetur
1005 1741 1152 1800 declinans
1171 1741 1261 1800 afide
1274 1740 1313 1799 ad

103 1823 172 1865 desire
181 1824 267 1873 sorpre·
330 1848 336 1860 ·
549 1848 554 1859 .
774 1847 780 1859 .
873 1848 878 1859 .

104 1873 213 1934 emisena
222 1872 288 1933 orror
312 1865 373 1906 erus
387 1848 614 1917 observancram,
631 1845 674 1904 vel
689 1857 720 1904 ut
735 1865 855 1922 exigens
871 1858 1064 1907 iuramentum
1081 1847 1214 1906 ostendat
1229 1865 1312 1905 suam

103 1935 197 2016 3¹13?
205 1931 290 1976 ’gum‘
312 1953 560 2030 preeminenciam
584 1971 644 2029 quo
666 1953 704 2010 ad
726 1953 869 2012 mundum
891 1954 935 2012 vel
954 1955 1050 2030 capiat
1072 1955 1255 2012 securitatem
1274 1954 1313 2012 ad

104 2049 267 2141 fflaffffff‘
313 2060 476 2118 lomentum
504 2078 555 2118 sue
583 2059 704 2118 malicie.
748 2059 818 2118 Non
849 2060 938 2120 eredo
966 2071 1063 2119 autem
1090 2061 1171 2138 quod
1198 2060 1309 2121 Cristus

103 2150 307 2252 mimum
313 2166 408 2243 exegit
422 2184 440 2223 a
455 2167 514 2224 suis
528 2166 677 2242 apostolis,
692 2166 735 2225 vel
750 2167 805 2243 ipsi
824 2167 863 2226 ad
884 2168 1007 2226 invicem
1022 2179 1071 2226 aut
1085 2186 1102 2225 a
1117 2169 1177 2226 suis
1191 2168 1310 2239 vicariis,
1323 2200 1353 2250 ¹5

103 2276 273 2368 ffifflrhlffm
314 2274 507 2332 iuramentum
535 2273 679 2332 sensibile.
734 2273 844 2332 Verum
871 2284 969 2332 tamen
994 2275 1060 2333 licet
1094 2285 1154 2332 tam
1189 2274 1310 2333 domino

103 2377 194 2463 ¹²''s¹{¹·‘
313 2380 465 2457 temporali
486 2398 575 2457 quam
600 2379 704 2439 clerieo
728 2391 789 2439 tam
814 2383 945 2458 accipere
968 2400 1056 2458 quam
1078 2381 1188 2441 solvere
1212 2382 1311 2441 huius·

102 2454 297 2597 &mm
314 2489 395 2548 utodi
419 2490 624 2549 iuramentum.
666 2489 738 2548 Ideo
762 2498 793 2547 ut
818 2490 877 2548 dixi
903 2490 1032 2566 superius
1060 2507 1128 2548 cum
1156 2508 1207 2548 rex
1235 2489 1311 2565 capit
1320 2500 1353 2546 Β.

102 2569 305 2708 ffffisssslgssfil
314 2597 506 2656 iuramentum
527 2615 546 2655 a
566 2615 619 2655 sua
637 2596 744 2657 milicia
760 2607 789 2656 et
809 2598 868 2656 suis
882 2598 1035 2673 episcopie,
1049 2599 1121 2656 etin
1135 2598 1205 2673 ipsis
1219 2597 1310 2672 capit·

102 2708 287 2809 ffipgffl
313 2704 378 2762 ibus
399 2722 417 2762 a
436 2704 582 2774 subiectis,
597 2721 761 2763 consonum
782 2703 855 2762 soret
874 2704 955 2780 quod
973 2715 1002 2762 et
1022 2716 1137 2780 caperet
1157 2705 1351 2781 aquibus-20

102 2807 428 2901 fflffilffitcunque
457 2810 539 2886 legiis
568 2811 679 2882 suis,·a
707 2811 879 2870 distantibus
900 2822 930 2870 ut
955 2830 1032 2888 papa
1060 2821 1088 2870 et
1116 2812 1310 2871 cardinalibus

102 2911 180 2971 ‘wid
189 2910 304 2962 Wss‘ffl
313 2928 424 2977 remote
452 2917 482 2975 in
508 2918 567 2976 suis
591 2919 825 2977 institucionibus
851 2919 880 2976 in
904 2918 1036 2989 confuso,
1061 2929 1089 2976 et
1112 2920 1150 2977 ab
1172 2919 1234 2978 aliis
1259 2922 1309 2996 qui

101 2962 283 3055 muyans

188 3013 217 3064 ¹5·
312 3024 410 3084 volunt
424 3024 555 3100 privatim
569 3034 598 3082 et
612 3024 772 3101 specialiter
784 3025 893 3083 habere
907 3025 982 3101 regis
996 3034 1025 3083 et
1038 3026 1120 3100 regni
1134 3025 1309 3084 beneficium

102 3150 253 3243 manna·
311 3130 471 3208 specialiter
492 3140 521 3188 et
544 3130 683 3190 distincte.
728 3130 824 3202 Unde,
850 3130 924 3189 sicut
946 3150 997 3190 rex
1020 3133 1127 3190 iuratus
1147 3144 1191 3191 est
1215 3150 1308 3210 regno

101 3211 245 3355 {nffiffi
253 3251 295 3343 ἓξ
311 3256 366 3297 suo
388 3248 417 3296 et
438 3247 584 3306 econtra,
607 3237 648 3295 sic
670 3236 835 3296 evidencius
854 3237 965 3296 videtur
987 3239 1068 3314 quod
1088 3257 1174 3315 papa,
1196 3240 1245 3316 qui
1265 3250 1308 3298 est
1319 3261 1349 3310 ²5

100 3353 294 3446 nwennffiyoeip-
311 3344 492 3421 imperatoris
519 3342 683 3420 episcopus,
706 3344 742 3402 sit
765 3345 873 3403 iuratus
897 3346 1028 3421 imperio.
1071 3345 1158 3404 Unde
1180 3346 1308 3407 maxima

101 3419 241 3508 spondilia·
311 3468 380 3508 cura
404 3460 491 3525 atque
514 3450 672 3527 prudencia
694 3451 779 3511 debet
802 3453 857 3511 sibi
881 3453 976 3512 inesse
1003 3452 1033 3510 in
1055 3455 1244 3513 observancia
1264 3456 1308 3513 sui

308 3555 470 3627 iuramenti,
485 3576 554 3615 cum
569 3557 654 3616 debet
669 3559 806 3617 omnibus
820 3559 963 3618 cristianis
984 3559 1101 3636 regibus
1122 3561 1309 3622 fidelitatem²

309 3673 448 3738 tanquam
484 3682 584 3722 eorum
620 3664 721 3741 legios,
749 3675 778 3723 et
805 3664 950 3725 discordes
978 3666 1064 3728 debet
1099 3668 1212 3728 trahere
1240 3670 1308 3729 totis

311 3770 418 3828 viribus
445 3771 484 3829 ad
507 3769 662 3829 fraternam
690 3772 886 3831 concordiam.
930 3772 1026 3832 Debet
1050 3775 1128 3834 enim
1154 3776 1306 3836 defendere
1316 3791 1350 3840 30

311 3897 414 3937 omnes
439 3879 519 3956 leges
540 3878 637 3937 civiles
661 3877 746 3958 (dum
767 3889 834 3938 sunt
853 3898 914 3939 non
935 3880 991 3958 legi
1013 3881 1069 3941 Dei
1091 3884 1247 3964 contrarie)
1269 3884 1416 3965 advectet
1429 3890 1465 3939 D.

309 3987 462 4044 minimum
477 3985 680 4063 approbando,
694 3998 726 4045 ut
739 3998 819 4062 patet
834 3987 871 4046 di.
886 3988 922 4046 ix.
962 3987 1123 4064 Quicunque
1138 3989 1152 4020 *
1168 4000 1197 4050 et
1210 3990 1248 4050 di.
1264 3964 1356 4092 aaz
1368 3967 1391 4003 ς’
1401 3969 1419 4004 ¹'

310 4094 359 4151 Dc
378 4089 433 4149 coit
447 4104 475 4152 et
489 4103 540 4152 ca0
557 4092 627 4165 Qur'r
640 4090 760 4175 audem]
783 4113 851 4154 cum
872 4095 985 4154 duobus
1007 4098 1201 4173 sequentibus,
1216 4108 1243 4158 et
1264 4101 1306 4159 sic
1316 4132 1354 4183 M
1363 4059 1401 4184 ἶ)
1414 4148 1441 4184 ,L

310 4198 397 4258 debet
413 4219 476 4260 esse
491 4201 573 4260 omni
588 4211 718 4260 creature
740 4201 888 4273 obediens,
903 4203 975 4261 sicut
997 4203 1151 4263 subiectus.
1192 4205 1227 4264 In
1248 4200 1397 4314 hocfiniikr
1410 4203 1472 4252 ¹¹·'

538 4417 546 4447 ¹
562 4427 614 4481 tuo,
625 4436 672 4470 om.
683 4434 710 4470 n.
885 4421 896 4451 ³
911 4420 1038 4484 fidelitate,
1049 4435 1075 4472 Α.
