3030 5212
589 503 638 552 DE
661 502 807 553 OFFICIO
831 502 949 552 REGIS.

279 662 415 721 secularis
430 650 596 737 intelligitur
608 661 721 721 famose
732 662 886 739 ,dupliciter
894 681 903 733 ;
924 661 968 719 vel
983 659 1099 737 proprie
1120 676 1174 734 pro
1194 657 1273 715 laicis

1422 498 1482 564 113

1284 667 1343 707 Here
1352 680 1384 707 we
1393 674 1448 706 must

1283 717 1353 760 notice
1360 717 1397 758 the
1405 716 1484 757 double

278 769 409 827 civilibus
436 781 485 827 aut
515 769 680 839 mundanis,
708 780 736 829 et
767 770 807 828 sic
842 768 1010 844 prohibetur
1044 765 1153 825 clericis
1181 765 1273 820 vivere
1283 767 1382 818 meanins
1391 767 1416 807 ot
1422 767 1458 807 the

1283 819 1341 859 word
1350 818 1438 867 secular,
1447 816 1471 865 (ι)

277 877 461 949 seculariter3
485 877 529 935 vel
551 878 713 936 comuniter
735 895 788 953 pro
811 894 984 952 quocunque
1006 873 1109 933 clerico
1131 880 1179 930 aut
1200 871 1275 929 laico
1283 883 1307 910 ³³
1316 867 1402 928 ²1>t>¹i⁶d
1410 867 1485 917 ΜΥ-

278 985 389 1043 vivente
418 985 643 1055 inclaustraliter,
668 995 749 1043 extra
777 984 920 1060 privatum
948 982 1090 1052 ordinem,
1115 979 1274 1039 secundum

252 1092 450 1153 §cerimonias
478 1103 558 1150 extra
590 1091 761 1167 scripturam
796 1091 968 1150 canonicam
993 1089 1170 1147 adinventas.
1227 1086 1275 1146 Sic

276 1199 354 1256 enim
365 1209 504 1256 vocantur
515 1199 652 1275 episcopi,
667 1211 799 1270 rectores,
813 1210 841 1256 et
852 1198 1001 1275 presbiteri
1012 1197 1108 1256 clerici
1122 1195 1274 1263 seculares

277 1305 348 1363 dum
362 1316 460 1364 tamen
475 1306 582 1365 debent
595 1325 658 1365 esse
677 1305 874 1365 claustralibus
888 1306 1080 1381 religiosiores
1094 1316 1122 1364 et
1137 1323 1211 1380 eque
1225 1321 1277 1360 ex-

279 1414 467 1489 proprietarii,
491 1414 559 1491 quia
582 1423 833 1490 quantuscumque
859 1414 991 1472 cumulus
1013 1413 1213 1489 temporalium
1236 1411 1277 1469 eis

279 1520 390 1580 affuerit
402 1521 508 1580 debent
522 1539 585 1580 esse
596 1523 741 1581 bonorum
755 1539 916 1598 pauperum
925 1518 1021 1579 nude¹
1033 1531 1234 1597 procuratores
1249 1530 1276 1576 et

236 1647 267 1685 ιο
279 1628 377 1687 fideles
401 1628 609 1699 distributores,
625 1647 685 1687 non
709 1629 821 1687 domini
844 1628 949 1697 civiles,
971 1637 1003 1685 ut
1029 1627 1127 1704 pulcre
1151 1626 1276 1685 declarat

111 1750 212 1827 Deerat.
225 1759 267 1797 rrr.
278 1735 360 1812 glosa
385 1754 471 1813 super
492 1735 621 1813 capitulo
630 1738 848 1813 fraternitatem
870 1736 901 1792 in
921 1735 1010 1793 tercio
1031 1734 1226 1803 decretalium,
1248 1742 1277 1790 et

113 1830 179 1863 XXIV.
193 1828 216 1865 2·

148 1902 207 1942 .11.
217 1893 250 1942 ix.

115 1893 173 2008 {lu
279 1953 390 2009 risehae!
431 1950 469 2008 Et
496 1951 575 2008 idem
604 1949 701 2009 dicunt
729 1951 822 2008 sancti
857 1951 992 2008 doctores
1027 1949 1217 2019 concorditer,
1246 1957 1277 2005 ut

113 2059 380 2117 Fotlsaobeatus
411 2059 600 2133 Augustinus,
636 2056 807 2128 ieronimus,
851 2057 998 2127 isodorus
1023 2053 1037 2086 *
1061 2056 1279 2114 Crisostomus³

239 2176 268 2225 15
280 2166 472 2224 Bemhardus.
519 2165 598 2223 Sicut
611 2166 696 2241 igitur
714 2165 785 2223 tales
801 2164 879 2242 leges
900 2176 928 2222 et
943 2165 1087 2223 sentencie
1109 2173 1278 2221 sanctorum

280 2284 347 2331 sunt
362 2273 437 2331 edite
451 2273 488 2330 ad
503 2274 694 2349 regulandum
714 2273 866 2332 ecclesiam
888 2274 927 2330 ita
949 2283 1015 2330 sunt
1036 2272 1155 2331 ecclesie
1176 2289 1278 2346 gener-

113 2371 150 2417 ²⁶
163 2384 187 2418 ⁸·
281 2380 360 2438 aliter
373 2379 531 2449 edocende,
548 2377 562 2411 *
578 2381 691 2438 dicente
706 2381 870 2455 Augustino
891 2381 921 2438 in
936 2380 1020 2438 simili
1038 2397 1123 2456 super
1145 2377 1278 2437 Iohanne

281 2486 395 2545 Omelia
423 2489 445 2544 p
472 2486 553 2562 quod
588 2487 695 2545 animal
729 2486 820 2545 homo
852 2505 912 2545 non
940 2487 1059 2562 percipit
1094 2485 1277 2543 subtilitatem

114 2601 260 2664 Angustia
283 2594 504 2653 conclusionum
532 2594 715 2670 decuplicem
743 2593 883 2668 evangelii
911 2592 1050 2650 iohannis
1077 2591 1115 2648 In
1137 2594 1281 2669 presepio

113 2665 227 2781 'Ipmep
279 2707 342 2757 erat
354 2701 465 2758 verbum
475 2721 486 2757 .·
510 2699 592 2771 Quid,
608 2701 708 2777 inquit,
711 2702 837 2778 fratres,
852 2700 992 2757 silebimus
1005 2701 1095 2756 trur'c?
1114 2718 1200 2775 quare
1213 2719 1280 2775 ergo

280 1843 432 1902 cardinalis
444 1845 473 1901 in
485 1856 568 1901 sexto
580 1844 612 1901 de
623 1844 703 1902 rebus
712 1844 818 1900 ecclesie
832 1862 886 1899 non
900 1843 1057 1899 alienandis
1068 1839 1148 1899 ‘tac2
1159 1842 1277 1898 consult·

116 2813 138 2846 Ο
150 2797 167 2846 i·
182 2810 203 2844 ¹·
282 2809 393 2883 legetur,
408 2810 438 2864 sr'
454 2809 604 2865 se'lebitur?
644 2808 708 2864 Aut
725 2826 812 2882 quare
832 2807 957 2877 audetur,
977 2808 1007 2864 si
1024 2825 1079 2863 non
1099 2810 1281 2882 exponatur?

281 2915 331 2970 sed
349 2921 381 2970 ut
400 2916 471 2990 quid
488 2917 647 2991 exponatur,
661 2917 690 2971 si
710 2934 764 2972 non
785 2915 976 2989 intelligitur?
1017 2912 1086 2971 Non
1109 2923 1174 2972 sunt
1196 2913 1281 2989 igitur

239 3064 244 3071 .
283 3020 435 3080 fraudandi
459 3040 581 3099 capaces
603 3035 722 3099 propter
741 3021 965 3096 incapacitatem
987 3038 1086 3078 eorum
1109 3021 1159 3096 qui
1177 3038 1280 3096 capere

284 3147 344 3188 non
375 3140 509 3205 possunt.
552 3131 600 3189 Sic
631 3142 673 3188 est
702 3131 738 3189 de
765 3128 877 3205 legibus
912 3145 984 3204 quas
1019 3126 1141 3186 ecclesia
1168 3126 1282 3185 ordinat

286 3237 436 3296 scolastice
461 3237 684 3314 pertractandas.
727 3235 813 3294 Unde
841 3235 930 3295 credo
958 3245 1074 3311 propter
1094 3234 1281 3309 irregularem

285 3345 372 3402 vitam
384 3344 553 3402 clericorum
565 3344 602 3402 ad
614 3343 781 3421 cupidinem
796 3343 884 3402 seculi
896 3326 1096 3419 perversorum
1111 3341 1201 3400 sortiti
1215 3350 1281 3399 sunt

283 3469 390 3510 nomen
405 3452 503 3508 elerici
513 3452 657 3520 secutores,
672 3449 761 3508 etalii
777 3458 895 3526 propter
914 3448 1095 3507 sanctitatem
1109 3449 1163 3507 vite
1179 3448 1208 3505 in
1223 3449 1281 3506 suis

283 3557 448 3634 primordiis
471 3558 538 3615 dicti
556 3567 623 3615 sunt
644 3557 872 3615 antonomastice
894 3556 1020 3630 religiosi
1038 3564 1066 3613 et
1084 3556 1181 3612 clerici
1198 3574 1281 3630 regu·

284 3666 366 3735 lares,
391 3682 459 3723 cum
487 3672 584 3722 tamen
609 3663 779 3738 religiositas
803 3661 888 3721 debet
916 3672 1080 3738 competere
1108 3663 1281 3739 cuicumque

243 3772 385 3836 soclerico
407 3772 500 3829 eciam
521 3771 636 3829 cuilibet
657 3768 808 3829 Cristiano.
852 3768 931 3828 Olim
951 3770 1029 3828 enim
1050 3768 1174 3841 suerunt,
1190 3770 1282 3828 sicut‘

285 3881 366 3937 multi
395 3887 462 3936 sunt
490 3878 586 3948 hodie,
616 3878 646 3934 in
674 3877 790 3953 privatis
818 3876 968 3935 ordinibus
996 3876 1129 3952 religiose
1157 3893 1282 3952 persone

285 3985 443 4044 laudabiles
458 4003 514 4062 que
529 3984 684 4042 observant
706 3983 883 4042 secularibus
903 3983 1055 4060 perfectius
1077 3983 1171 4059 legem
1187 3983 1282 4042 Cristi.

289 4091 379 4164 Quod
395 4093 418 4150 si
435 4091 519 4149 multi
540 4108 641 4149 eorum
663 4108 729 4148 cum
752 4090 874 4165 satrapis
896 4089 1021 4165 perversi
1042 4098 1110 4148 sunt
1124 4089 1284 4166 phariseice

285 4200 323 4259 ad
345 4198 568 4257 dimittendumt
581 4196 779 4256 substanciam
793 4195 891 4272 regule
910 4204 939 4253 et
960 4195 1123 4255 inordinate
1144 4196 1284 4274 sapiendo

320 4347 578 4413 ¹nndiprennde,t³.
652 4344 922 4408 ’hacprohoc,s,tt.
997 4341 1047 4394 'et
1062 4345 1287 4397 anteBernhardus

287 4430 340 4478 add.
356 4441 378 4478 a.
446 4427 455 4455 ⁴
473 4427 542 4485 sicut,
556 4440 603 4474 em.
616 4437 642 4474 Α.
709 4423 719 4450 ⁶
736 4422 892 4482 mittendum,
904 4435 931 4472 tt.

784 4527 794 4566 1

1283 933 1331 960 men
1341 920 1408 969 hvmg
1417 918 1439 958 in
1448 918 1486 958 the

1284 970 1357 1019 world,
1366 969 1398 1019 (iil
1407 983 1432 1009 as
1439 981 1476 1019 ap-

1283 1021 1341 1072 plied
1351 1029 1373 1060 to
1381 1019 1417 1066 att,

1284 1071 1379 1112 whether
1389 1071 1425 1120 lay
1434 1082 1458 1110 or

1284 1122 1353 1169 cleric,
1364 1120 1430 1178 living
1438 1128 1486 1160 out·

1284 1173 1329 1214 side
1338 1171 1375 1212 the
1384 1172 1474 1212 clotster.

1291 3248 1312 3289 it
1321 3257 1378 3289 must
1387 3248 1442 3289 have

1289 3299 1343 3340 been
1353 3298 1425 3349 owing
1435 3307 1457 3339 to

1290 3349 1327 3391 the
1337 3349 1439 3400 irregular
1447 3348 1490 3389 and

1290 3400 1379 3450 worldly
1389 3400 1424 3439 tite
1433 3399 1458 3439 oi

1289 3450 1492 3500 someottheclergy

1291 3501 1337 3542 that
1347 3501 1406 3540 these
1415 3513 1470 3540 were

1290 3552 1358 3593 called
1367 3551 1454 3592 secutae
1463 3549 1484 3591 in

1289 3601 1493 3694 iiisiliissiar.

1291 3717 1339 3744 ness
1348 3716 1395 3743 won
1405 3701 1441 3742 the

1291 3767 1352 3795 name
1359 3753 1384 3794 oi
1390 3753 1493 3804 religiones

1291 3819 1315 3846 or
1324 3804 1420 3856 regular.
