3030 5212
563 486 611 535 DE
634 484 781 535 OFFICIO
806 485 922 536 REGIS.

222 644 330 716 talium,
346 644 396 702 ubi
410 642 493 703 tradit
508 643 594 702 nimis
611 643 729 702 civiliter
744 662 799 719 pro
816 642 917 719 regula
937 652 1078 718 tanquam
1092 642 1220 700 maxima

221 750 368 810 iudicandi
383 749 462 827 quod
479 750 647 827 quicunque
666 750 695 807 in
717 749 785 808 data
804 751 930 808 anterior
949 748 1036 809 debet
1052 747 1173 824 preferri
1192 758 1221 806 et

222 858 263 916 sic
279 856 315 916 de
330 856 466 915 maximis
480 857 543 915 aliis
559 857 696 916 anticristi
711 867 742 916 ut
757 867 836 932 patet
850 857 925 915 alibi.

55 972 87 1019 Ι..
262 962 310 1021 Ad
335 963 456 1021 tercium
483 973 623 1039 punctum
644 962 842 1039 principalem,
868 971 946 1038 patet
970 981 1007 1021 ex
1032 961 1115 1020 dictis
1140 961 1220 1039 quod
1228 964 1372 1016 Arainlam

1227 1017 1327 1057 attached
1336 1018 1369 1058 ior
1381 1030 1429 1069 say·

197 1069 315 1136 seierus
336 1070 373 1126 ab
394 1068 495 1127 inlimo
515 1068 667 1127 sacerdote
686 1086 779 1145 usque
798 1069 836 1127 ad
860 1068 1031 1126 Romanum
1050 1068 1217 1146 pontificem
1227 1066 1421 1169 {ggfflgffjghws

221 1175 308 1234 debet
321 1175 422 1251 pocius
436 1174 573 1233 humilius
586 1185 615 1234 et
629 1174 814 1251 multiplicius
825 1176 943 1234 obedire
954 1174 1075 1235 domino
1087 1175 1218 1234 seculari.
1228 1167 1374 1260 ffifffflh‘

220 1280 308 1340 Unde
330 1280 556 1357 dogmatisantes
579 1283 745 1357 oppositum
768 1282 875 1340 nedum
900 1284 1046 1341 incurrunt
1075 1282 1218 1341 offensam

220 1387 268 1446 dei
292 1387 341 1464 qui
363 1387 453 1446 voluit
474 1406 510 1446 ex
535 1398 636 1446 mutua
658 1388 830 1447 obediencia
854 1389 1008 1448 ecclesiam
1032 1407 1095 1449 esse
1117 1406 1219 1461 unum,

220 1512 275 1553 nec
304 1493 399 1552 solum
430 1493 573 1554 offensam
601 1513 725 1570 persone
752 1494 874 1554 ecclesie
902 1513 960 1570 que
986 1495 1042 1555 hoc
1067 1506 1218 1572 unguento

181 1599 306 1676 1ocapiti
320 1609 477 1671 catenatur,
489 1601 540 1659 sed
552 1601 695 1660 offensam
706 1602 910 1677 episcoporum
925 1614 953 1661 et
968 1602 1035 1661 cleri
1048 1621 1102 1678 pro
1114 1603 1219 1680 quibus

221 1707 352 1766 videntur
366 1707 520 1783 sophistice
535 1726 696 1784 procurare.
738 1708 762 1766 F
764 1709 875 1767 inaliter
892 1710 969 1767 enim
988 1709 1219 1785 deprehendetur

220 1831 322 1873 eorum
351 1813 474 1873 stulticia
501 1815 551 1891 qui
579 1814 776 1890 dogmatisant
804 1815 884 1892 quod
916 1815 1008 1874 clerus
1041 1833 1101 1874 non
1133 1815 1219 1874 debet

55 1927 92 1974 ⁴⁰
104 1925 132 1973 b·
219 1920 347 1981 dominis
371 1920 545 1980 secularibus
570 1921 672 1980 saltem
696 1922 813 1997 proprie
837 1922 964 1981 obedire.
1008 1919 1022 1951 *
1067 1921 1113 1979 Ad
1139 1921 1219 1999 quod

220 2026 323 2086 luciam
338 2027 478 2104 triplicem
493 2028 649 2087 racionem.
691 2027 789 2086 Prima
803 2027 867 2086 talis
881 2028 977 2086 omnis
987 2028 1075 2087 virtus
1088 2040 1217 2087 creature
1230 2037 1273 2098 Qut
1282 2036 1404 2088 filforobe·

1226 2089 1307 2137 dience,
1315 2102 1339 2129 as
1348 2089 1380 2129 ior

179 2149 209 2200 15
219 2133 374 2194 racionalis
393 2144 437 2193 est
455 2134 657 2211 exemplariter
673 2134 704 2190 in
722 2151 776 2193 suo
791 2134 918 2210 analogo
932 2135 962 2192 in
977 2135 1124 2210 sapiencia
1138 2153 1217 2193 crea·
1227 2138 1429 2232 {J{W,{¹¹l,2¹,{¹{i„

219 2241 298 2299 toris.
342 2239 400 2300 Sed
420 2241 592 2301 obediencia
610 2240 739 2300 hominis
759 2250 802 2298 est
816 2241 954 2317 precipua
968 2241 1066 2311 virtus,
1082 2241 1145 2299 sine
1160 2259 1218 2318 qua
1227 2240 1328 2333 efflglffi
1333 2239 1412 2282 0s00d

220 2347 398 2424 impossibile
426 2359 469 2407 est
496 2347 642 2406 meritorie
670 2347 783 2423 placere
811 2347 868 2406 deo
896 2347 940 2406 vel
968 2347 1087 2406 homini.
1137 2347 1218 2424 Ergo

219 2463 336 2529 oportet
349 2453 431 2530 quod
445 2454 509 2531 ipsa
522 2455 558 2511 sit
572 2453 773 2529 exemplariter
787 2452 950 2512 secundum
965 2453 1035 2512 illud
1050 2452 1129 2530 quod
1145 2456 1219 2530 sapit

56 2577 118 2626 roi
126 2576 210 2629 170b.
219 2561 433 2637 perfeccionem
456 2560 625 2637 simpliciter
648 2558 662 2590 *
685 2561 716 2618 in
737 2560 883 2636 sapiencia
904 2561 1051 2619 creatoris.
1095 2559 1125 2618 Si
1146 2579 1218 2635 ergo

55 2682 149 2733 Parii
162 2695 201 2732 υ.
219 2666 300 2736 dena,
322 2667 409 2725 tirdex
429 2668 520 2724 tirstus
535 2666 632 2744 soriti
655 2673 681 2724 et
700 2669 825 2742 paciens,
851 2663 1004 2724 irascitur¹
1021 2675 1074 2741 per
1094 2667 1219 2742 stitgulos

219 2774 284 2843 dies,
299 2773 392 2831 multo
406 2773 499 2849 magis
513 2774 557 2831 vel
571 2790 589 2830 a
603 2773 666 2849 pari
680 2772 750 2831 deus
764 2772 935 2848 exemplans
956 2790 1076 2831 omnem
1090 2782 1218 2832 creatam

218 2880 420 2938 obedienciam
434 2889 478 2938 est
493 2896 605 2937 summe
619 2879 769 2939 obediens.
811 2879 850 2936 Et
867 2881 921 2937 ista
934 2879 1085 2939 conclusio
1099 2879 1218 2939 docetur
1226 2889 1270 2981 ¹lfor
1277 2890 1333 2982 ‘ff’
1343 2891 1388 2932 ul

54 3005 106 3072 μ
116 3022 140 3056 1„
154 3020 193 3071 1⁴·
218 2986 248 3044 in
270 2985 327 3044 fide
347 2986 485 3062 scripture
501 2985 558 3045 Ios.
573 3004 602 3057 x,
617 2986 667 3044 ubi
689 2986 792 3044 dicitur
806 2986 886 3062 quod
905 2986 977 3046 deus
995 2985 1136 3045 obedivit¹
1152 2988 1216 3046 voci
1224 2954 1293 3085 ἐξ
1293 2955 1372 3085 &ign

219 3092 355 3163 hominis,
369 3110 455 3168 super
474 3110 534 3168 quo
553 3093 655 3151 beatus
669 3092 850 3169 Augustinus
865 3109 934 3169 sepe
953 3093 1022 3152 dicit
1040 3093 1120 3168 quod
1134 3092 1216 3153 Deus

55 3224 94 3272 u,
219 3197 338 3258 obedit³
360 3198 536 3269 hominibus,
562 3208 593 3256 ut
618 3217 705 3274 supra
728 3199 858 3274 exposui.
902 3199 976 3257 Item
1001 3200 1082 3277 quod
1106 3198 1218 3261 Cristus

218 3305 344 3366 obedivit
366 3304 533 3364 hominibus
554 3304 731 3379 humanitus,
754 3306 827 3365 sicut
854 3315 883 3364 et
911 3307 955 3364 sui
984 3306 1117 3382 apostoli,
1139 3314 1217 3383 patet

219 3412 421 3488 multipliciter,
437 3412 532 3488 primo
552 3430 604 3488 per
621 3410 678 3471 hoc
697 3412 777 3488 quod
798 3411 910 3471 Cristus
928 3411 981 3470 luit
1001 3413 1104 3488 plenus
1121 3413 1218 3488 gracie

218 3528 248 3578 et
268 3519 378 3577 virtutis
399 3529 495 3578 create
516 3518 679 3578 secundum
700 3537 820 3578 omnem
842 3520 977 3595 speciem,
994 3528 1023 3577 et
1044 3538 1095 3595 per
1115 3537 1218 3578 conse·
1228 3526 1300 3620 1eligunt
1308 3527 1403 3620 ³1ng

53 3635 194 3689 Philias.
219 3642 312 3702 quens
334 3625 386 3683 luit
408 3625 511 3701 plenus
532 3626 699 3685 obediencie
725 3626 819 3684 eciam
841 3645 926 3701 usque
946 3627 987 3684 ad
1005 3632 1142 3694 mortem,·
1165 3592 1420 3722 necffigffidtogugnd

159 3734 212 3806 '30
220 3731 314 3791 solum
342 3732 483 3792 obediens
511 3731 564 3790 fuit
591 3733 698 3803 deitati,
724 3733 776 3791 sed
804 3732 925 3803 homini,
951 3751 1020 3791 cum
1049 3732 1130 3793 aliter
1158 3751 1219 3793 non
1230 3731 1289 3774 um.

219 3837 366 3896 habuisset
382 3838 585 3897 obedienciam
603 3848 729 3898 creatam
746 3839 868 3898 univoce
890 3856 957 3897 cum
975 3839 1032 3899 alio
1050 3838 1135 3898 fratre
1156 3857 1217 3898 suo.

220 3943 320 4003 Virtus
334 3944 413 4002 enim
428 3944 611 4020 specificatur
625 3946 662 4003 ab
677 3946 800 4004 obiecto.
842 3945 915 4006 Ideo
925 3945 1035 4004 aliaest
1048 3946 1220 4005 obediencia

219 4050 317 4129 quoad
331 4052 458 4128 speciem
472 4069 530 4129 qua
544 4051 678 4111 obeditur
692 4051 749 4111 deo
763 4064 791 4110 et
805 4052 860 4111 alia
871 4071 930 4128 qua
944 4053 1076 4111 obeditur
1096 4053 1217 4127 homini,

218 4158 273 4217 nisi
287 4157 361 4217 forte
376 4157 487 4217 dicatur
500 4159 581 4236 quod
601 4159 630 4217 in
648 4158 752 4218 eodem
770 4158 920 4218 involucro
935 4177 994 4234 quo
1014 4159 1065 4217 rite
1087 4159 1221 4218 obeditur

252 4299 260 4327 ¹
276 4299 396 4364 numquid
412 4300 531 4350 irascetur
541 4307 590 4364 Μ
607 4301 728 4361 irascitur,
742 4313 769 4351 tt.
867 4298 877 4326 ²
894 4299 979 4351 obedit
992 4306 1041 4364 Μ
1057 4300 1176 4362 obedivit,
1189 4314 1215 4351 tt.

218 4377 228 4406 ¹
246 4376 356 4427 obedivit
368 4384 417 4441 Μ
428 4378 522 4439 obedit,
535 4391 561 4427 Α.
