3030 5212
597 516 647 565 DE
670 515 819 567 OFFICIO
844 516 960 568 REGIS.

282 673 426 743 catholica,
452 673 578 744 decrevit,
604 680 637 732 ut
668 693 744 732 nemo
772 675 917 751 presbyter
946 678 1136 734 excomunicet
1161 677 1278 752 aliquem

281 786 426 855 antequam
435 799 521 838 causa
530 781 674 856 probetur,
682 789 798 857 propter
815 801 899 858 quani
916 782 1095 841 ecclesiastici
1107 801 1222 841 canones
1230 782 1281 841 hoc

273 886 349 962 fieri
366 885 465 955 i'iebent,
479 898 507 944 et
522 886 649 946 ostendit
668 898 881 964 consequenter
904 899 1042 966 quantam
1065 908 1173 966 penam
1193 888 1279 948 debet
1288 896 1341 990 ffis
1344 897 1464 990 :suffit

117 1001 149 1050 12.
282 993 425 1050 incurrere
440 991 495 1051 hoc
510 992 686 1053 ommittens.
729 993 767 1052 Et
784 993 861 1053 idem
876 995 979 1054 dicitur
990 996 1018 1053 ii.
1033 1015 1062 1072 q.
1077 996 1095 1054 i.
1109 995 1199 1054 Nemo
1209 998 1279 1071 epis·
1296 1063 1329 1090 aw
1335 1013 1357 1090 l.
1358 999 1491 1091 liffeim

117 1107 217 1159 Deciet.
230 1118 255 1157 c.
280 1109 369 1174 copus.
411 1097 458 1156 Ex
477 1098 539 1157 istis
561 1108 639 1176 patet
660 1099 756 1176 primo
773 1100 927 1176 quomodo
951 1100 1115 1178 Imperator
1138 1101 1280 1161 ordinavit
1288 1100 1455 1192 ggfflffivf}

116 1184 146 1222 11.
157 1173 190 1236 Q.

115 1238 130 1286 i.
144 1255 166 1288 c.
182 1251 221 1289 Π,
282 1204 375 1281 legem
404 1215 629 1264 concernentem
656 1207 866 1266 execucionem
896 1209 1046 1283 potestatis
1074 1208 1228 1285 spiritualis
1252 1201 1353 1267 et‘h0m·

281 1313 389 1370 abusus
403 1311 566 1388 periculum
585 1311 653 1371 cleri
671 1313 723 1373 sui.
765 1312 812 1371 Ex
830 1331 890 1390 quo
908 1315 1089 1374 convincitur
1103 1314 1185 1392 quod
1206 1314 1281 1374 sicut

280 1417 380 1477 habuit
398 1435 485 1495 super
503 1436 554 1477 eos
572 1418 702 1494 regimen
721 1419 761 1477 sic
780 1428 808 1477 et
830 1418 1000 1480 dominium.
1044 1420 1125 1479 Patet
1150 1430 1183 1478 2⁰
1205 1435 1477 1528 quo-{pmffiffipp

281 1523 372 1583 modo
385 1524 526 1602 probacio
546 1542 633 1583 cause
648 1542 710 1583 non
724 1534 908 1584 contentatur
922 1525 959 1585 de
972 1526 1108 1586 illusione
1123 1527 1279 1603 sophistica
1287 1535 1319 1629 ipo
1319 1536 1355 1628 thart
1363 1536 1465 1629 gisson's

242 1631 354 1692 iofacta
375 1631 429 1688 sub
451 1630 552 1689 modio
573 1631 603 1688 in
625 1630 703 1689 curia
725 1632 855 1708 episcopi
876 1651 928 1709 per
952 1633 1186 1692 abreviacionem
1207 1633 1488 1739 legis313335243351'3300f¹

280 1735 400 1807 domini,
428 1735 578 1796 monendo
606 1737 757 1795 absentem
786 1755 885 1796 coram
913 1737 1020 1814 ydiotis
1048 1738 1152 1815 primo,
1181 1748 1222 1809 2⁰,
1251 1749 1280 1798 et

280 1842 380 1911 tercio,
413 1841 495 1917 quod
530 1842 626 1900 veniat
663 1842 792 1902 dicturus
828 1862 917 1921 quare
959 1843 1179 1904 excomunicari
1217 1863 1281 1904 non

280 1945 402 2006 debeat¹
438 1960 556 2025 propter
590 1958 739 2008 terrenum
774 1948 904 2008 debitum
940 1959 991 2009 aut
1026 1949 1281 2010 inobedienciam'

281 2054 387 2114 factam
403 2063 484 2114 tanto
502 2056 659 2133 preposito.
701 2055 825 2132 Oportet
843 2057 923 2115 enim
941 2055 1022 2134 quod
1039 2074 1127 2115 causa
1148 2057 1184 2115 sit
1205 2055 1281 2116 clare

242 2172 350 2237 ignota
368 2162 420 2219 toti
441 2162 564 2222 ecclesie
582 2174 610 2222 et
631 2164 769 2240 precipue
788 2162 908 2223 ecclesie
931 2163 1127 2239 triumphanti,
1144 2182 1182 2223 ne
1203 2164 1281 2240 epis-

113 2272 230 2336 Juvenat
280 2285 371 2344 copus
390 2269 499 2328 incidat
519 2269 549 2326 in
567 2270 653 2328 istam
670 2269 854 2329 blasfemiam
873 2270 1073 2347 pseudocasti,
1088 2270 1140 2330 Sic
1159 2272 1220 2329 ioli
1240 2272 1281 2329 sic

113 2338 169 2387 Sat.
183 2350 221 2387 W·
280 2374 362 2447 iudeo,
377 2376 415 2432 iit
425 2386 482 2451 pro
502 2378 614 2434 racione
631 2376 768 2434 uoluntas.
810 2375 875 2435 Nisi
896 2377 976 2434 enim
997 2377 1155 2453 episcopus
1177 2377 1481 2489 trium-fni}eppoipipp:³022i

280 2479 395 2556 phantis
423 2481 552 2553 ecclesie,
578 2483 624 2541 cui
652 2483 706 2541 soli
734 2483 872 2559 competit
900 2482 957 2542 hoc
985 2482 1174 2559 privilegium,
1198 2485 1276 2560 prius
1285 2487 1443 2580 ppetffl'pelpn
1451 2488 1476 2530 of

280 2588 422 2663 approbet
438 2607 557 2648 causam
578 2598 607 2647 et
625 2589 834 2661 excomunicet,
854 2599 897 2647 est
917 2589 1157 2649 excomunicacio
1177 2588 1472 2689 damp'ssnlssfiffx‘iom·

241 2693 384 2752 ionabilis
412 2694 553 2754 inserenti.
602 2694 639 2754 Et
668 2695 721 2755 hec
744 2696 823 2754 racio
845 2713 935 2772 quare
959 2695 1141 2770 Augustinus
1166 2705 1278 2754 tantum
1288 2689 1486 2781 ffiffifflmhoe,

117 2823 252 2874 Decretc.
279 2801 375 2860 timuit
402 2803 625 2861 excomunicare
650 2803 798 2862 subiectos
826 2813 857 2860 ut
886 2803 1020 2861 recitatur
1047 2822 1094 2875 ²4·
1119 2820 1147 2879 q.
1170 2803 1208 2874 iii,
1231 2802 1279 2861 ‘Si
1288 2814 1341 2856 mis
1350 2829 1393 2857 was
1408 2816 1457 2865 why
1467 2814 1488 2856 S.

116 2899 194 2964 ΧΨ·
205 2889 236 2951 Q·
280 2905 387 2966 habes.'
429 2909 559 2967 Audistis
567 2908 587 2980 ⁸,
603 2909 704 2986 inquit,
719 2904 861 2990 ali[qu]os
876 2911 978 2984 magni
995 2912 1116 2968 nominis
1129 2911 1279 2968 sacerdotes
1288 2867 1490 2976 9ξῆῗῖἧὲεέἲὲ

114 2967 150 3002 ω’
164 2970 185 3002 c.
200 2966 221 3003 ¹⁹
281 3033 442 3090 quemquam
458 3018 703 3076 anatheniatiasse
715 3019 904 3093 peccanei'um.
947 3016 990 3075 Et
1001 3019 1118 3095 risorie
1131 3024 1220 3076 essent
1235 3019 1279 3075 i'n·
1288 2979 1369 3008 nonnae
1378 2976 1402 3009 η’

278 3123 417 3196 terrogati’
426 3142 480 3179 non
494 3126 684 3199 reperirentur
689 3125 798 3199 ydonei
809 3126 871 3181 inde
891 3125 1005 3181 reddere
1021 3126 1171 3181 racionem.
1212 3122 1280 3199 Ego

239 3233 368 3306 25auteni
390 3230 502 3305 siquis
526 3249 545 3287 a
569 3248 610 3287 me
631 3231 760 3305 quesierit
781 3235 875 3287 utrum
897 3231 973 3287 illud
992 3238 1064 3289 recte
1076 3231 1145 3306 fiat,
1168 3231 1239 3305 quid
1255 3249 1279 3287 ei

278 3335 453 3409 respondeant
476 3354 530 3393 riori
558 3336 675 3405 i'riueni'ii,
699 3354 850 3411 numquam
862 3336 966 3414 seiam
985 3337 1035 3394 liae
1055 3355 1143 3394 ausus
1165 3355 1226 3394 suni
1248 3337 1280 3392 de

266 3440 452 3518 facinoribus
471 3443 641 3500 unanimiter
661 3448 758 3499 contra
778 3443 918 3500 ecclesiam
936 3444 1112 3518 perpetratis,
1132 3443 1193 3499 nisi
1204 3460 1279 3517 gra-

277 3548 387 3605 uissime
414 3566 595 3606 commoverer
603 3549 622 3606 ⁴.
664 3547 702 3605 Et
729 3564 816 3624 super
840 3548 896 3607 isto
924 3547 1016 3607 fundo
1041 3566 1088 3607 me
1114 3547 1195 3624 quod
1224 3565 1280 3607 nec

278 3653 366 3712 credo
394 3671 514 3711 omnem
542 3654 854 3714 excomunicacionem
888 3671 977 3731 quam
1008 3655 1101 3713 eciam
1130 3672 1208 3731 papa
1235 3655 1280 3712 in-

238 3781 270 3830 30
279 3758 371 3816 tulerit
398 3777 461 3817 esse
490 3760 604 3831 iustam,
627 3778 680 3818 nec
710 3761 845 3836 approbo
872 3761 1182 3820 excomunicacionem
1210 3761 1279 3820 sim-

278 3863 389 3941 pliciter
416 3866 470 3923 nisi
499 3867 652 3924 noverim*
674 3867 754 3943 quod
783 3884 911 3942 persona
938 3867 1181 3926 excomunicatur
1207 3878 1279 3944 aput

276 3969 430 4029 ecclesiam
448 3970 681 4048 triumphantem.
726 3970 809 4030 Patet
832 3983 866 4047 3⁰
886 3971 967 4048 quod
987 3990 1089 4048 regum
1109 3980 1153 4030 est
1175 3989 1276 4030 cavere
1285 3983 1314 4042 (ii
1322 3984 1461 4025 wisatum
1471 3983 1487 4026 ii

1285 4047 1304 4074 ic
1313 4034 1349 4074 the
1360 4035 1437 4124 Κίηἷι

275 4077 411 4154 precipue
442 4077 479 4137 de
504 4077 828 4137 excomunicacionibus
853 4095 974 4136 suorum
999 4078 1207 4155 episcoporum
1238 4084 1488 4185 nefpetfflogwffier

276 4183 437 4261 improvide
458 4183 588 4243 inficiant
609 4202 731 4261 gregem
755 4202 850 4244 suum.
893 4182 981 4243 Mora
1002 4185 1081 4243 enim
1102 4183 1418 4244 ciconum-thimaei·

308 4329 415 4390 ¹debet‚
429 4342 454 4379 Α.
532 4329 784 4388 'inobaudiencinm
797 4343 820 4383 n.
894 4330 1060 4389 'audistim
1136 4332 1274 4382 ‘comino-

274 4416 348 4468 veiet,
361 4421 388 4468 Α,
401 4420 431 4465 Βς
448 4423 623 4467 commoverer,
636 4425 667 4458 ex
679 4410 774 4459 Deerit.
785 4425 848 4458 corr.
862 4411 927 4459 Edd.
995 4410 1005 4440 ⁸
1022 4410 1149 4466 moverim,
1161 4423 1186 4460 Α.

747 4511 797 4560 02
