3030 5212
592 536 643 587 DE
665 534 815 611 orricio
838 535 959 588 REGIS.

275 692 428 770 solempne
450 692 632 764 mandatum,
654 711 724 753 cum
746 694 776 752 in
798 712 829 753 re
852 693 921 752 dicit
944 691 1039 768 legem
1065 690 1144 750 illam
1166 690 1276 750 nedum

275 819 340 860 esse
365 799 543 876 superfluam
568 799 620 865 sed
642 800 728 860 stulte
754 819 790 860 ac
814 799 953 876 sacrilege
977 798 1146 857 institutam.
1187 797 1277 856 Unde

110 908 241 972 Aristotle,
276 907 446 967 Aristoteles
463 903 536 989 [iii]0
555 906 680 984 capitulo
699 918 877 967 secretorum
894 907 1004 966 docens
1025 904 1177 983 quomodo
1199 904 1278 963 sama

108 974 267 1092 csffiqsm‘
277 1015 355 1092 regis
364 1014 521 1073 servabitur
532 1033 585 1091 per
595 1014 793 1074 ostensionem
798 1032 849 1073 sue
858 1014 1003 1090 sapiencie
1015 1022 1101 1088 atque
1107 1011 1277 1089 prudencie,

251 1121 315 1188 sita
336 1121 452 1180 scribit:
476 1120 668 1197 ‘Quicumque
694 1140 750 1180 rex
777 1124 908 1197 supponit
933 1137 1048 1196 regnum
1074 1138 1156 1177 suurn
1184 1118 1277 1176 dibim

110 1257 143 1304 18
154 1268 180 1304 ο,
275 1229 333 1303 legi
354 1228 457 1303 dignus
469 1236 510 1286 es!
526 1248 644 1304 regnare
659 1235 686 1286 et
701 1229 850 1305 honorifice
869 1229 1016 1286 dominari
1027 1248 1039 1287 .·
1056 1225 1071 1259 *
1094 1228 1226 1303 quivero
1245 1225 1277 1280 in

274 1337 432 1393 servriutent
468 1337 573 1411 redigit
597 1336 679 1410 legen
706 1354 796 1406 suom,
825 1335 961 1393 subiciens
987 1354 1046 1392 eom
1074 1354 1124 1392 suo
1151 1334 1276 1409 imperio,

274 1448 468 1517 transgressor
500 1449 540 1500 esi
568 1443 696 1500 veritatis
722 1448 749 1499 et
773 1448 940 1518 contemptor
966 1444 1085 1518 proprie
1111 1443 1203 1515 legis:
1226 1439 1280 1514 qui

274 1555 364 1606 autent
385 1550 468 1625 legem
491 1567 571 1606 suom
594 1551 759 1624 contempnit
779 1547 815 1605 ob
838 1548 964 1606 omnibus
985 1553 1194 1623 contempnetur,
1208 1546 1277 1621 quia

236 1657 486 1731 rocondempnoius
513 1662 554 1714 esi
580 1674 619 1714 ex
643 1657 698 1732 lege
713 1650 813 1736 [susq]
855 1655 952 1713 Prima
969 1673 1037 1731 pars
1061 1664 1139 1732 patet
1161 1671 1198 1713 ex
1220 1652 1456 1757 hocgfcllnoxnanae

275 1762 356 1839 quod
380 1781 432 1822 rex
457 1773 488 1821 ut
515 1763 557 1821 sic
586 1762 710 1839 acquirit
737 1761 793 1820 Dei
821 1761 983 1820 amiciciam
1013 1771 1164 1838 tamquam
1192 1774 1456 1874 ‘'emsmlss‘ffi

274 1868 398 1928 vicarius
425 1869 488 1928 eius
516 1869 597 1945 quod
624 1868 691 1928 iacit
720 1868 870 1928 hominem
894 1867 1042 1927 verissime
1066 1866 1220 1938 dominari,
1248 1877 1277 1924 et
1285 1867 1440 1975 gliggfflbby
1449 1923 1486 1966 sne

111 1983 174 2031 ποι.
182 1984 265 2033 nob.
275 1975 403 2034 secunda
430 1994 498 2053 pars
526 1986 606 2053 patet
635 1994 673 2034 ex
694 1976 751 2034 hoc
772 1975 852 2052 quod
873 1984 1059 2052 contemptus
1080 1983 1123 2032 est
1149 1973 1237 2049 legis¹
1260 1935 1485 2071 *ffiffiffl‘i

204 2120 207 2127 -
276 2083 416 2154 notorius,
431 2102 500 2141 cum
519 2084 585 2161 quis
601 2083 746 2159 obligatus
771 2082 809 2141 ad
833 2081 929 2158 legem
954 2081 1113 2140 incarcerat
1137 2080 1183 2139 vel
1205 2080 1276 2156 ligat
1284 2074 1458 2167 ξξξῖξξῗζ·

236 2211 265 2263 15
275 2206 341 2247 eam
355 2190 417 2249 sine
437 2189 509 2267 legis
528 2189 643 2249 delectu
661 2200 811 2266 tamquam
830 2199 986 2247 mortuam.
1030 2187 1077 2247 Sic
1097 2197 1194 2247 autem
1212 2174 1486 2280 qui-{ffissutgffi

274 2312 400 2373 cumque
419 2314 471 2354 rex
491 2297 541 2373 qui
560 2295 656 2374 legem
676 2313 760 2354 suam
781 2294 964 2371 suspendens
988 2295 1077 2353 servis
1101 2295 1160 2353 suis
1182 2294 1275 2370 ipsam
1285 2275 1443 2370 mm*

275 2402 388 2474 subicit,
399 2403 440 2461 sic
452 2403 531 2480 quod
541 2421 601 2461 non
611 2402 717 2462 habeat
731 2401 820 2460 libere
831 2419 950 2461 cursum
965 2419 1060 2473 suum,
1071 2402 1164 2477 ipsam
1179 2400 1275 2477 legem
1283 2386 1478 2479 fffflss'wh„

274 2510 304 2567 in
319 2510 483 2569 servitutem
498 2509 602 2586 redigit
616 2509 683 2587 quia
697 2527 821 2586 persone
835 2508 880 2567 vel
894 2508 1064 2568 comunitati
1086 2508 1187 2566 subicit
1202 2525 1233 2566 se
1247 2516 1276 2566 et
1285 2480 1440 2573 iiliitlillff

274 2615 370 2693 legem
395 2617 494 2693 gracia
517 2618 600 2677 cuius
622 2617 739 2676 dimittit
762 2616 867 2693 exequi
894 2615 1000 2693 legem.
1042 2614 1149 2674 Tereia
1177 2626 1275 2674 autem
1284 2581 1488 2722 {mmmm

235 2737 341 2799 ropars
362 2725 516 2782 verborum
539 2722 704 2800 philosophi
726 2741 763 2782 err
787 2722 844 2783 hoc
866 2731 945 2799 patet
966 2721 1047 2800 quod
1069 2739 1120 2780 rex
1144 2721 1185 2781 sic
1206 2682 1470 2836 con-cooffiipigdztzyu

274 2840 430 2907 tempnens
444 2830 541 2906 legem
554 2831 705 2908 propriam
719 2829 900 2906 contempnit
916 2829 1004 2888 deum
1019 2838 1108 2905 atque
1124 2846 1156 2888 se
1171 2829 1275 2905 ipsum.
1285 2833 1459 2936 wapi-

273 2934 347 2996 Ideo
369 2955 489 2997 necesse
504 2938 642 3015 estquod
660 2936 893 3013 condempnatus
907 2954 925 2994 a
938 2935 1003 3012 lege
1019 2947 1169 3013 tamquam
1188 2937 1275 2994 sacri-
1285 2934 1458 3036 iiffihii‘ue

275 3041 383 3118 legusa
394 3044 440 3103 dei
455 3046 568 3122 populo
578 3053 803 3121 contempnatur
812 3041 832 3102 ⁹.
853 3040 1049 3119 ‘sacrilegus'
1060 3043 1136 3114 dicu,
1147 3042 1216 3120 quia
1226 3043 1277 3119 qui
1285 3035 1371 3128 m
1374 3050 1435 3130 gg.
1438 3037 1460 3079 ³¹¹

274 3149 378 3209 auffert
388 3151 597 3210 execucionem
609 3150 842 3210 sacram⁸entum
854 3168 872 3208 a
882 3148 947 3226 lege
962 3167 1046 3209 sacra
1060 3149 1128 3209 iacit
1142 3149 1275 3207 iniuriam
1284 3137 1477 3240 fiffiffiffif·

235 3281 265 3332 ²5
276 3254 342 3315 Deo
359 3267 389 3315 et
409 3276 511 3333 regno.
553 3257 619 3317 Rex
641 3258 729 3335 igitur
749 3257 800 3334 qui
819 3256 907 3315 debet
932 3257 1005 3316 scire
1026 3255 1120 3333 legem
1141 3274 1225 3315 suam
1247 3238 1486 3342 etlffifflffm

273 3363 336 3421 eius
358 3365 566 3424 execucionem
585 3383 648 3424 esse
667 3366 774 3423 iustam
791 3373 821 3423 et
839 3363 1046 3423 racionabilem
1068 3339 1420 3440 impediendo⁴³¹¹⁶⁰i¹¹⁸⁸²

274 3469 368 3546 ipsam
384 3469 452 3529 lacit
476 3482 577 3531 contra
595 3471 694 3531 Deum
714 3479 743 3530 et
763 3470 906 3548 populum
927 3471 1077 3548 proprium
1098 3471 1149 3547 qui
1171 3470 1277 3530 exinde

109 3581 149 3628 Μ.
274 3575 395 3635 haberet
420 3577 530 3637 iusticie
555 3578 811 3655 complementum.
854 3576 996 3650 Quamvis
1021 3587 1118 3636 autem
1142 3595 1194 3635 rex
1219 3577 1277 3636 dis-

274 3701 397 3759 pensare
425 3695 520 3761 potest
548 3685 578 3743 in
605 3703 675 3743 casu
705 3703 773 3744 cum
808 3684 984 3744 execucione
1018 3683 1091 3761 legis
1125 3694 1276 3762 tamquam

234 3812 266 3862 30
275 3793 408 3868 superior
421 3792 485 3869 lege
500 3810 553 3851 sua
564 3793 850 3870 tamenlnumquam
860 3793 915 3851 nisi
925 3793 1060 3871 quando⁸
1074 3792 1276 3870 dispensabili·

275 3898 340 3957 tatis
364 3900 443 3958 racio
468 3900 525 3958 hoc
549 3899 676 3976 requirit,
699 3899 779 3959 aliter
803 3899 882 3958 enim
904 3899 1085 3977 multiplicari
1109 3910 1227 3976 possent
1245 3900 1275 3957 in

275 4023 368 4081 regno
383 4004 512 4066 facinora
526 4023 679 4083 quousque
693 4023 862 4082 perversum
877 4005 959 4065 fuerit
974 4006 1004 4064 in
1023 4005 1193 4084 speluncam
1207 4023 1275 4084 pro·

275 4111 402 4171 ditorum
416 4112 473 4171 Dei
487 4124 516 4171 et
531 4112 614 4190 regis.
657 4112 730 4172 Ideo
747 4112 815 4171 dicit
830 4112 1000 4173 Aristoteles
1015 4113 1066 4172 ubi
1083 4131 1172 4191 supra
1194 4112 1276 4192 quod

306 4277 314 4308 ¹
333 4278 395 4343 legis
411 4285 457 4341 est,
469 4292 492 4329 s.
569 4277 580 4308 ¹
596 4279 798 4346 condempnatur.
810 4293 844 4340 Α;
860 4287 1055 4346 contempnatur,
1067 4291 1091 4341 tt,
1109 4280 1138 4330 in
1155 4296 1235 4346 marg.
1247 4293 1274 4333 tt.

273 4354 467 4418 'samnitum
480 4369 504 4408 s.
525 4408 529 4416 ,
561 4357 741 4424 ‘expediendo
763 4373 820 4414 curn
842 4373 878 4407 ex·
895 4373 965 4420 eras,
989 4369 1020 4419 ⁸3
1048 4357 1222 4426 impendendo,
1246 4371 1273 4408 Α.

274 4436 283 4468 ³
299 4442 426 4502 tamquam
438 4443 488 4501 pro
498 4444 589 4497 tamen,
601 4448 627 4487 Α.
693 4437 703 4469 ⁶
717 4451 765 4487 on.
777 4436 886 4500 quando,
897 4447 923 4489 A„
