3030 5212
593 519 643 570 DE
666 518 814 570 OFFICIO
837 518 958 570 REGIS.

276 680 354 738 homo
369 677 476 756 fuerz't,
504 678 563 737 siae
589 678 707 749 onzinal,
735 678 793 736 avire
821 697 898 752 ager,
926 696 980 735 non
1009 676 1139 735 vendetur
1147 674 1167 748 ¹,
1195 696 1276 753 neque

274 788 378 844 redimi
388 789 500 862 poterii.
543 785 581 843 Et
616 784 746 862 sequitur
770 785 800 842 in
825 785 900 843 fine:
927 783 966 842 Si
984 785 1047 859 quir
1071 785 1228 853 mutauerat,
1252 790 1279 842 et

272 895 349 971 quod
373 901 508 952 mutatum
536 899 577 951 est
601 900 627 951 ct
646 903 704 969 pro
731 912 784 969 quo
813 899 948 951 mutatum
977 900 1022 962 est,
1050 891 1277 969 sanctificabitur

273 1001 404 1072 Domino,
424 1008 524 1059 elnon
544 1001 704 1058 redametur.
745 1000 808 1057 ch
827 1007 894 1059 sunt
906 1007 1035 1076 precepta
1057 1019 1107 1074 que
1131 1001 1277 1058 mandauit

273 1110 422 1168 Dominus.
463 1108 509 1166 Ex
531 1108 586 1168 isto
607 1118 689 1166 textu
708 1109 846 1184 scripture
868 1118 992 1184 arguunt
1013 1108 1094 1166 multi
1114 1107 1194 1184 quod
1213 1126 1274 1167 non
1282 1126 1323 1168 We
1331 1133 1387 1168 must
1397 1133 1447 1199 nqis

273 1216 339 1275 licet
361 1215 532 1292 temporalia
552 1225 723 1275 consecrata
742 1215 863 1274 ecclesie
880 1215 998 1287 auffere,
1014 1215 1065 1274 sed
1079 1234 1175 1292 neque
1198 1178 1482 1322 τεάἱ-Ξέἓὶιὲῗῖἵὲἀῗ

272 1341 351 1383 mere
367 1323 446 1401 quod
460 1333 503 1381 est
517 1323 622 1382 minus.
667 1322 725 1382 Pro
738 1322 794 1381 isto
808 1331 888 1381 textu
907 1322 1068 1381 notandum
1082 1322 1177 1398 primo
1191 1322 1273 1398 quod
1282 1330 1354 1372 divine
1363 1330 1462 1382 worship·

271 1430 342 1488 illud
355 1431 458 1489 dicitur
478 1440 610 1489 sanctum
630 1439 658 1488 et
672 1429 793 1488 domino
811 1440 1010 1488 consecratum
1024 1429 1105 1504 quod
1120 1439 1163 1488 est
1178 1429 1274 1488 divino

271 1536 359 1594 cultui
385 1536 549 1614 specialiter
573 1535 753 1612 deputatum,
779 1536 837 1594 sive
862 1536 899 1594 sit
922 1536 1014 1594 bestia
1041 1536 1215 1612 ymolaticia,
1242 1546 1275 1595 ut

233 1647 336 1715 ¹0bos,
347 1645 408 1702 ovis
419 1655 447 1702 et
462 1663 558 1720 capra,
569 1644 627 1701 sive
642 1643 733 1703 homo
749 1642 823 1701 ultra
837 1661 993 1702 comunem
1009 1642 1151 1718 populum
1165 1662 1273 1702 vovens

270 1768 301 1808 se
323 1750 454 1827 religiose
476 1751 580 1808 servire
603 1749 743 1820 Domin0,
764 1750 824 1808 sive
844 1750 880 1808 sit
901 1749 1007 1807 domus
1028 1749 1073 1807 vel
1094 1767 1164 1826 ager
1185 1750 1273 1809 cultui

268 1856 370 1933 templi
398 1876 449 1934 per
476 1857 634 1916 sacerdotis
662 1856 706 1915 vel
734 1856 850 1915 alterius
885 1856 1078 1914 ministerium
1110 1855 1273 1932 deputatus.

269 1963 407 2023 Secundo
418 1961 430 1994 ²
443 1964 605 2022 notandum
617 1964 697 2042 quod
711 1963 794 2021 multi
804 1973 887 2021 erant
898 1962 1006 2038 gradus
1015 1963 1271 2021 consecracionum
1281 1974 1442 2090 {¹223thqu
1450 2029 1477 2071 of

267 2070 442 2141 huiusmodi,
452 2082 484 2129 ut
498 2071 586 2147 aliqui
598 2082 736 2130 voverunt
751 2088 783 2128 se
797 2082 939 2146 perpetuo
950 2069 1104 2128 servituros
1114 2069 1145 2127 in
1154 2070 1271 2146 templo,
1280 2088 1425 2171 pomum
1435 2081 1461 2123 ot

267 2188 299 2236 ut
313 2188 392 2253 patet
407 2178 443 2236 de
459 2177 593 2237 Samuele
612 2197 637 2236 1.
654 2176 728 2254 Reg.
748 2188 779 2234 10
793 2196 830 2235 ex
845 2187 913 2235 voto
934 2187 1088 2248 matern03
1110 2176 1157 2235 alii
1175 2188 1272 2237 autem

268 2284 304 2343 de
333 2286 410 2343 tribu
438 2285 508 2344 Levi
537 2296 621 2343 erant
648 2285 814 2362 ubicunque
836 2282 1035 2343 habitaverunt
1055 2294 1086 2342 ut
1106 2284 1274 2344 sacerdotes

267 2391 311 2450 vel
336 2392 436 2451 Levite
462 2392 645 2467 singulariter
671 2391 801 2451 Domino
826 2391 998 2462 consecrati,
1022 2401 1055 2449 ut
1079 2400 1158 2467 patet
1184 2390 1272 2449 Num.

269 2511 311 2574 3⁰,
325 2501 375 2559 ubi
398 2500 521 2559 limitato
539 2500 580 2558 eis
601 2499 762 2558 ministerio
782 2498 881 2574 templi
902 2508 931 2557 et
946 2517 1081 2558 vasorum
1103 2509 1270 2558 sanctorum

300 2647 308 2676 ¹
325 2649 448 2708 venditur,
460 2661 487 2698 Α.

299 2729 308 2757 ²
319 2733 353 2780 In
360 2730 465 2794 pedibus
471 2737 545 2794 pagg.
559 2744 591 2792 43
602 2736 625 2779 et
636 2728 687 2792 43¹,
698 2729 757 2778 MS.
767 2729 800 2778 B.
810 2728 1030 2793 haecnntnscn'pta
1040 2734 1076 2778 cst
1087 2745 1166 2778 manu
1173 2729 1270 2793 prima.

266 2808 383 2858 -Notam
406 2809 465 2857 Non
486 2809 601 2873 intelligo
622 2808 697 2874 plane
717 2808 844 2871 quomodo
865 2808 953 2856 domus
969 2807 1010 2857 vel
1033 2823 1093 2871 ager
1112 2815 1173 2857 esset
1193 2807 1270 2856 cultui

265 2887 354 2951 templi
372 2903 415 2951 per
431 2886 567 2936 sucerdotis
578 2886 617 2936 vel
633 2886 736 2936 alterius
753 2887 916 2935 ministerium
933 2887 1074 2951 deputatus,
1092 2888 1135 2936 sed
1153 2888 1217 2936 sorte
1234 2888 1270 2936 sic

266 2965 391 3029 intelligit,
400 2963 467 3029 quod
479 2964 569 3013 domus
578 2964 617 3013 vel
629 2980 689 3028 ager
700 2963 834 3028 deputatus
845 2971 883 3012 est
894 2964 980 3013 divino
991 2964 1068 3013 cultui
1080 2980 1124 3028 per
1136 2965 1270 3014 sacerdotis

264 3045 305 3093 vel
325 3043 426 3093 alterins
446 3042 608 3092 ministerium
628 3042 728 3106 qnando
747 3042 861 3092 sacerdos
876 3043 916 3091 vel
937 3042 999 3092 alter
1015 3043 1091 3093 habet
1112 3043 1217 3092 tutelam
1239 3043 1270 3092 de

265 3122 407 3171 huiusmodi
429 3125 502 3174 rebus
523 3137 566 3170 seu
585 3120 724 3170 custodiam
744 3120 811 3185 quod
835 3121 885 3171 sint
907 3121 939 3169 ad
962 3121 1081 3171 honorem
1101 3121 1142 3171 dei
1164 3121 1270 3171 fideliter

264 3202 418 3256 ministram
444 3201 559 3252 scribitur
581 3208 664 3249 autem
686 3199 767 3248 Levit.
789 3213 817 3247 aa
838 3199 928 3248 saltem
951 3200 1140 3260 sentencialiter,
1158 3200 1225 3265 quod
1248 3203 1269 3249 si

263 3296 368 3344 persona
379 3295 526 3330 consecrans
539 3279 642 3327 domum
654 3278 693 3326 vel
706 3292 793 3341 agrum
805 3277 836 3326 de
853 3277 991 3327 hereditate
1006 3286 1110 3342 paterna
1124 3295 1181 3328 cum
1193 3279 1269 3329 vellet

264 3358 392 3418 redimere,
400 3363 459 3408 tunc
467 3357 536 3407 alteri
544 3356 695 3415 venderetur,
703 3371 752 3419 quo
759 3356 826 3405 iacto
833 3372 881 3405 non
890 3363 973 3420 posset
978 3372 1034 3405 eum
1042 3366 1098 3422 post
1105 3374 1134 3406 ea
1141 3358 1267 3408 redimere.

264 3435 314 3485 Sed
325 3442 383 3485 tunc
395 3437 506 3500 arguitur
517 3436 567 3484 sic:
586 3433 646 3483 dato
658 3433 724 3497 quod
736 3433 859 3484 alienacio
870 3434 939 3484 tieret
949 3436 985 3484 aie
997 3435 1064 3500 qnod
1076 3436 1153 3486 altera
1165 3452 1269 3501 persona

264 3530 280 3562 a
296 3514 351 3563 viro
367 3522 526 3564 consecrante
543 3513 724 3577 possessionem
741 3520 909 3561 consecratam
927 3512 1058 3562 redimeret
1074 3531 1122 3578 que
1139 3531 1190 3564 non
1207 3515 1270 3565 foret

263 3592 374 3642 eiusdem
391 3593 469 3641 tribus
486 3607 542 3640 cum
559 3605 664 3654 persona
681 3597 849 3650 consecrante,
864 3597 923 3639 tunc
940 3592 1005 3641 tacta
1025 3591 1087 3640 foret
1106 3593 1269 3642 terminorum

264 3671 372 3734 proximi
383 3671 514 3720 translacio
525 3676 612 3719 contra
623 3669 704 3733 legem
719 3668 840 3719 Deutron.
856 3675 912 3732 19⁰3
928 3684 991 3732 eque
1001 3670 1071 3719 sicud
1086 3670 1106 3718 si
1118 3671 1196 3719 tribus
1208 3671 1269 3721 Levi

264 3749 364 3798 haberet
375 3765 461 3812 agrum
479 3749 520 3797 hic
536 3754 578 3796 ant
595 3747 698 3796 domum
709 3753 877 3796 consecratam
888 3746 914 3794 in
926 3761 971 3795 sna
983 3748 1154 3811 possessione;
1170 3765 1230 3814 ergo
1241 3758 1269 3799 ut

263 3827 299 3876 sic
310 3827 405 3876 videtur
416 3825 500 3890 glossa
515 3826 560 3874 illa
575 3825 684 3874 adducta
695 3831 779 3874 tenens
795 3824 936 3873 huiusmodi
951 3841 1038 3890 agrum
1050 3833 1093 3876 ant
1103 3827 1206 3876 domum
1219 3844 1268 3877 non

264 3912 348 3969 posset
357 3906 442 3954 cedere
453 3912 575 3969 perpetuo
588 3906 613 3953 in
625 3904 805 3967 possessionem
818 3903 974 3952 sacerdotnm
986 3921 1017 3954 ne
1028 3903 1097 3954 tieret
1108 3906 1268 3955 terminorum

265 3983 372 4047 proximi
389 3983 524 4032 translacio
540 3998 589 4031 nou
606 3988 644 4031 est
660 3980 751 4039 valida,
766 3997 823 4031 cnm
837 3981 975 4031 consimilis
989 3983 1124 4032 translacio
1136 3983 1204 4033 tieret
1215 4000 1268 4049 per·

264 4076 325 4110 sona
342 4061 441 4110 alterius
458 4062 537 4110 tribua
556 4077 571 4111 a
587 4075 691 4125 persona
707 4068 866 4109 consecrante
888 4061 969 4124 ipsum
992 4077 1078 4125 agrum
1100 4077 1143 4111 sen
1166 4062 1267 4111 domum

264 4138 406 4188 huiusmodi
428 4139 572 4189 redimente.
616 4137 667 4186 Vel
688 4153 749 4202 ergo
769 4144 868 4201 oportet
884 4137 920 4187 sic
936 4138 1078 4202 opinantem
1098 4138 1181 4189 dicere
1200 4140 1267 4203 qnod

263 4219 347 4270 nullus
358 4220 462 4270 alterius
475 4221 554 4269 tribus
567 4237 583 4269 a
597 4235 703 4284 persona
716 4227 874 4270 consecrante
890 4228 974 4284 posset
985 4236 1036 4271 rem
1053 4221 1195 4270 huiuamodi
1209 4237 1268 4271 con·

264 4305 385 4348 sacratam
398 4299 526 4358 redimere,
538 4299 578 4348 vel
590 4299 657 4364 qnod
669 4313 732 4362 eque
743 4306 800 4362 post
811 4313 902 4347 annum
914 4298 1033 4348 iubileum
1050 4299 1075 4348 in
1087 4300 1268 4364 possessionem

264 4384 384 4441 perpetuo
395 4377 491 4427 cederet
502 4377 666 4437 sacerdotnm,
674 4375 744 4426 sicud
756 4377 780 4426 in
793 4375 973 4441 possessionem
983 4376 1083 4428 alterins
1093 4377 1174 4428 fructu
1185 4377 1268 4428 huius·

264 4454 335 4503 modi
347 4454 383 4504 rei
394 4462 536 4504 consecrate
546 4470 616 4505 mero
627 4454 683 4504 osni
693 4454 843 4520 deputando.
