3030 5212
585 537 636 589 DE
659 537 805 590 OFFICIO
829 536 947 589 REGIS.

103 709 178 760 Rom
191 708 233 760 xii
265 693 412 775 apostolus
430 694 556 756 Roman.
578 695 625 754 xii.
643 694 725 773 quod
744 713 849 754 omnes
865 694 1001 753 homines
1022 690 1078 750 sint
1095 689 1197 748 haerare
1218 689 1261 747 in·

106 788 142 826 ¹⁰·
265 807 348 862 ve'cem
359 803 552 879 prevenientes.
595 800 690 859 Debet
709 813 807 860 autem
824 800 916 859 bomo
929 799 1073 858 honorare
1088 796 1261 873 superiores,

265 909 412 967 inferiores
425 917 455 965 et
474 908 569 967 socios
583 907 676 984 gradu
697 924 761 977 suo,
775 918 805 964 et
818 907 921 964 servire
935 905 985 974 eis,
1000 902 1118 961 obedire
1138 918 1262 978 evange·

265 1015 318 1074 lice
335 1025 364 1072 et
379 1014 471 1070 subici
491 1031 553 1089 quo
573 1012 612 1071 ad
629 1031 744 1088 corpus
784 1011 910 1070 Etcum
931 1010 1018 1069 debet
1042 1008 1185 1068 honorare
1210 1025 1262 1065 eos

242 1119 376 1178 thonore
410 1119 550 1177 continuo
584 1128 662 1194 patet
696 1116 778 1194 quod
812 1135 872 1175 non
899 1117 1006 1187 obnat,
1030 1114 1081 1174 sed
1109 1122 1261 1182 consonat,

264 1234 397 1301 prompte
412 1223 626 1300 perficientibus
645 1223 740 1299 legem
755 1222 801 1281 dei
815 1222 896 1299 quod
914 1231 1118 1280 conversantes
1137 1219 1259 1278 alterna-

266 1331 316 1389 tim
330 1330 492 1388 successive
507 1346 571 1387 sese
588 1330 758 1404 preveniant
770 1330 801 1386 in
820 1328 940 1388 honore.
981 1325 1093 1384 Ymmo
1111 1335 1166 1383 stat
1186 1325 1468 1446 duospteipnpffipm

265 1434 349 1495 simul
368 1453 399 1493 se
413 1435 563 1511 prevenire
584 1435 740 1495 inhonore
759 1435 920 1494 secundum
936 1434 1081 1511 disparem
1102 1432 1259 1501 racionem,
1268 1445 1326 1537 {pud
1329 1446 1427 1537 pppgnpn

266 1558 333 1600 com
351 1539 512 1599 secundum
527 1558 689 1611 numerum,
704 1540 876 1617 dignitatum
895 1551 925 1599 et
943 1541 1081 1598 virtutum
1101 1549 1167 1597 sunt
1188 1537 1259 1596 tituli
1269 1544 1444 1646 {pppggopg‘tp

104 1658 232 1708 utimr.
265 1645 436 1705 honorandi
477 1644 557 1703 Nam
580 1665 604 1703 1.
619 1645 738 1705 Thimo.
753 1655 787 1703 νῦ
806 1646 876 1704 dicit
895 1645 1053 1721 Apostolus
1074 1643 1134 1715 Qui·
1143 1650 1300 1720 presertim
1340 1646 1419 1696 sivetu:

1268 1709 1295 1736 au
1320 1695 1356 1737 the
1366 1709 1423 1736 sama

105 1735 143 1786 ¹7'
264 1751 325 1810 bene
344 1751 497 1827 presbe'ieri
515 1752 624 1826 duplici
644 1753 745 1810 bonore
768 1753 852 1828 degm'
872 1752 1035 1820 habeantur,
1060 1753 1185 1808 maxime
1211 1747 1440 1824 quimmshtve

1270 1805 1312 1836 two
1320 1796 1394 1838 claime
1403 1805 1425 1839 to

263 1858 395 1916 laborant
410 1859 441 1914 in
457 1857 537 1915 verbo
555 1864 581 1914 el
594 1858 731 1915 datram.
773 1857 851 1917 Ecce
865 1856 989 1931 dignitas
1004 1856 1126 1932 duplicis
1142 1855 1261 1914 honoris
1270 1846 1360 1889 ΜΨ·

263 1962 434 2039 presbiteri:
456 1963 550 2039 prima
564 1963 632 2040 quia
646 1974 751 2039 preest,
766 1962 896 2022 secunda
908 1964 977 2037 quia
990 1962 1066 2021 bene
1080 1972 1182 2037 preest.
1224 1960 1262 2019 Et

264 2069 446 2145 comprima
465 2077 560 2145 potest
578 2087 629 2144 per
650 2087 681 2127 se
700 2087 765 2127 esse
783 2070 844 2127 sine
864 2068 994 2128 secunda
1014 2077 1093 2144 patet
1115 2068 1262 2126 sentencia

227 2174 428 2250 ¹5Augustiui,
455 2192 545 2251 quam
573 2174 632 2232 dixi
660 2172 772 2250 primo¹
795 2173 921 2250 capitulo
948 2174 1029 2250 quod
1057 2173 1207 2250 presidens
1234 2184 1262 2232 et

263 2279 400 2339 sacerdos
418 2291 463 2338 est
480 2289 598 2356 propter
614 2279 724 2338 nudam
741 2278 910 2356 dignitatem
933 2279 1042 2338 ordinis
1065 2279 1262 2349 honorandus,

263 2386 343 2445 aliter
356 2387 435 2444 enim
446 2404 506 2444 non
517 2385 625 2444 diceret
636 2385 785 2461 apostolus
797 2386 903 2463 duplici
917 2385 1028 2445 bonore
1037 2385 1118 2462 digni
1133 2386 1262 2445 habean-

263 2501 317 2550 tur.
359 2491 443 2550 Patet
457 2492 589 2551 secundo
603 2493 683 2568 quod
697 2503 819 2569 utraque
834 2489 964 2569 species¹
977 2494 1124 2569 dignitatis
1143 2493 1263 2553 honoris
1272 2506 1433 2599 militib?

264 2597 395 2656 continet
416 2598 447 2655 in
472 2616 503 2656 se
525 2597 631 2655 multas
654 2599 767 2674 species
791 2599 836 2656 vel
862 2600 979 2676 gradus,
1003 2600 1072 2676 quia
1097 2599 1178 2658 aliter
1202 2607 1473 2710 ”mgffimmy

228 2703 374 2763 indiceret
388 2703 546 2780 apostolus,
561 2703 698 2763 Maxime
718 2707 770 2780 qui
779 2705 911 2763 laborant
922 2708 952 2762 in
967 2705 1048 2763 verbo
1063 2707 1262 2781 predicationis

266 2810 430 2877 eidoctri'na
439 2812 616 2885 aperacebnis.
638 2809 716 2868 Nam
729 2811 777 2869 ubi
788 2822 832 2871 est
841 2813 987 2870 maximus
998 2811 1105 2888 gradus
1116 2812 1263 2890 dignitatis

266 2913 385 2974 honoris
408 2925 452 2974 est
479 2915 549 2975 dare
577 2916 719 2993 quotlibet
746 2917 902 2976 latitudinis
927 2917 1080 2994 dignitatis.
1121 2919 1160 2978 Et
1184 2929 1263 2996 patet

252 3019 369 3079 'divisio
382 3020 450 3079 data
463 3022 594 3098 superius
608 3021 645 3080 de
659 3021 779 3093 honore,
791 3023 941 3100 quomodo
956 3024 1058 3101 aliquis
1073 3025 1262 3085 honorandus
1270 3042 1331 3083 mus
1339 3042 1422 3102 honour

267 3136 311 3185 est
347 3125 465 3185 racione
502 3127 648 3203 dignitatis
685 3128 829 3200 naturalis,
868 3129 972 3206 aliquis
1010 3141 1106 3190 autem
1145 3133 1261 3191 racione
1271 3092 1448 3184 iiiffio‘iic‘it·

1271 3193 1343 3235 denual
1351 3204 1357 3240 ;
1370 3192 1438 3233 either
1446 3190 1469 3232 oi

227 3230 413 3307 asdigm'tatis
447 3232 644 3292 accidentalis.
702 3233 742 3292 Et
776 3232 833 3294 hoc
869 3234 1028 3311 dupliciter,
1064 3236 1109 3295 vel
1144 3238 1262 3297 racione
1271 3244 1356 3336 25⁵3?ss
1357 3242 1450 3340 mags

267 3336 413 3412 dignitatis
434 3337 521 3396 officii
544 3338 589 3397 vel
613 3339 731 3398 virtutis.
775 3339 805 3397 Si
827 3340 945 3400 racione
965 3342 1060 3412 officii,
1078 3343 1123 3401 vel
1148 3343 1473 3442 laycalisgffccligpgpgelas

267 3443 297 3500 in
323 3461 384 3520 quo
411 3461 462 3501 rex
497 3453 575 3502 tenet
608 3462 756 3503 summum
790 3447 921 3523 gradum,
950 3447 995 3506 vel
1027 3449 1144 3508 racione
1179 3449 1263 3508 officii

267 3549 404 3608 clericalis
419 3549 448 3606 in
464 3567 524 3627 quo
541 3567 672 3628 summus
687 3552 825 3611 sacerdos
846 3563 925 3611 tenet
939 3553 1063 3628 gradum
1083 3554 1264 3631 precipuum.

266 3654 305 3714 Et
330 3655 371 3714 sic
399 3666 553 3733 utrumque
580 3657 745 3714 membrum
772 3656 890 3717 ulterius
917 3659 1073 3719 dividendo
1101 3663 1263 3721 secundum

226 3779 259 3829 ³0
267 3760 429 3836 simplicem
448 3761 594 3820 racionem
613 3761 658 3819 vel
678 3764 870 3838 compositam
890 3765 976 3823 officii
993 3766 1037 3824 vel
1057 3767 1175 3827 virtutis.
1216 3768 1263 3828 Ex

267 3883 325 3942 quo
338 3875 418 3942 patet
431 3868 511 3942 quod
520 3866 691 3943 magnitudo
705 3868 799 3926 laudis
813 3869 857 3927 vel
871 3869 991 3929 honoris
1002 3871 1142 3931 mundani
1156 3875 1264 3932 attendi
1274 3878 1438 3969 3505er
1450 3875 1476 3919 οῐ

267 3969 352 4030 debet
375 3989 465 4047 penes
490 3971 721 4047 magnitudinem
744 3974 867 4033 racionis
893 3976 1054 4035 secundum
1083 3995 1172 4054 quarn
1197 3980 1264 4056 capi
1272 3978 1460 4069 gjghffiedffiffffl

266 4075 352 4135 debet
368 4075 462 4136 honor
479 4075 654 4137 huiusmodi.
696 4078 743 4137 Ex
765 4080 870 4156 quibus
890 4082 1024 4158 sequitur,
1045 4083 1125 4159 quod
1144 4084 1261 4160 quilibet
1272 4078 1341 4119 '‘lic'‘
1349 4078 1365 4118 5‘
1375 4078 1470 4129 ΗΘΜ»

1271 4129 1319 4169 that
1326 4129 1395 4169 dueto
1403 4127 1472 4170 virtue

265 4181 360 4242 honor
378 4182 490 4241 virtutis
508 4194 552 4243 est
574 4184 815 4261 quoddammodo
836 4186 867 4244 in
888 4187 1032 4245 infinitum
1055 4190 1148 4248 maior
1172 4209 1259 4266 quam
1271 4177 1468 4271 “inlessfflssffi

265 4286 361 4347 honor
375 4288 461 4347 officii
474 4288 518 4347 vel
534 4301 642 4351 nature.
685 4289 763 4349 Nam
778 4292 866 4350 virtus
880 4294 1067 4370 presupponit
1082 4295 1217 4368 officium,
1232 4307 1259 4354 et
1270 4278 1413 4370 ,2{,‘,2fffi“
1422 4293 1446 4321 ⁰¹

415 4417 423 4447 ¹
441 4418 562 4480 proximo,
575 4430 599 4467 n.
795 4419 804 4447 ²
820 4436 903 4470 seusus
915 4428 963 4485 pro
975 4423 1077 4486 species,
1090 4435 1115 4471 Α.
